EUR/USD,20090531 21:05:04.838,1.41415,1.41445
EUR/USD,20090531 21:05:54.343,1.41417,1.41444
EUR/USD,20090531 21:05:57.345,1.41421,1.41451
EUR/USD,20090531 21:05:59.349,1.41417,1.41444
EUR/USD,20090531 21:06:02.345,1.41421,1.41451
EUR/USD,20090531 21:06:04.344,1.41415,1.41445
EUR/USD,20090531 21:06:04.848,1.41413,1.41436
EUR/USD,20090531 21:06:05.347,1.41411,1.41441
EUR/USD,20090531 21:06:05.845,1.41415,1.41445
EUR/USD,20090531 21:06:08.852,1.41417,1.41444
EUR/USD,20090531 21:06:20.343,1.41412,1.41439
EUR/USD,20090531 21:06:29.682,1.41411,1.41439
EUR/USD,20090531 21:06:31.844,1.41409,1.4144
EUR/USD,20090531 21:06:32.345,1.41415,1.41446
EUR/USD,20090531 21:06:33.844,1.41411,1.41439
EUR/USD,20090531 21:06:37.343,1.41406,1.41434
EUR/USD,20090531 21:06:49.692,1.41406,1.41433
EUR/USD,20090531 21:07:19.844,1.41412,1.41439
EUR/USD,20090531 21:07:29.709,1.41411,1.41439
EUR/USD,20090531 21:07:30.344,1.41409,1.4144
EUR/USD,20090531 21:07:30.845,1.41415,1.41446
EUR/USD,20090531 21:07:49.722,1.41414,1.41446
EUR/USD,20090531 21:08:46.316,1.41405,1.41443
EUR/USD,20090531 21:08:55.816,1.41402,1.4144
EUR/USD,20090531 21:10:22.764,1.41402,1.41439
EUR/USD,20090531 21:10:22.819,1.41395,1.41429
EUR/USD,20090531 21:10:24.318,1.41393,1.41427
EUR/USD,20090531 21:10:39.784,1.41393,1.41426
EUR/USD,20090531 21:10:58.319,1.41396,1.41429
EUR/USD,20090531 21:10:59.792,1.41395,1.41429
EUR/USD,20090531 21:13:24.275,1.41401,1.41429
EUR/USD,20090531 21:13:24.322,1.41405,1.41428
EUR/USD,20090531 21:13:28.328,1.41395,1.41429
EUR/USD,20090531 21:14:33.324,1.41393,1.41427
EUR/USD,20090531 21:14:39.858,1.41393,1.41426
EUR/USD,20090531 21:16:44.830,1.41389,1.4142
EUR/USD,20090531 21:26:43.261,1.41401,1.4142
EUR/USD,20090531 21:26:43.346,1.41405,1.41428
EUR/USD,20090531 21:26:53.265,1.41411,1.41428
EUR/USD,20090531 21:26:53.345,1.41413,1.41432
EUR/USD,20090531 21:27:04.268,1.41413,1.41419
EUR/USD,20090531 21:27:04.345,1.41411,1.41419
EUR/USD,20090531 21:27:04.516,1.41411,1.41421
EUR/USD,20090531 21:27:04.766,1.41421,1.41421
EUR/USD,20090531 21:27:04.845,1.41421,1.41435
EUR/USD,20090531 21:27:11.519,1.41421,1.41429
EUR/USD,20090531 21:27:11.768,1.4142,1.41429
EUR/USD,20090531 21:27:11.846,1.41412,1.41427
EUR/USD,20090531 21:27:20.211,1.41412,1.41428
EUR/USD,20090531 21:27:21.022,1.41421,1.41428
EUR/USD,20090531 21:27:21.346,1.41421,1.41429
EUR/USD,20090531 21:27:23.045,1.41419,1.41429
EUR/USD,20090531 21:27:23.346,1.41412,1.41428
EUR/USD,20090531 21:27:23.846,1.41413,1.41432
EUR/USD,20090531 21:27:29.770,1.41421,1.41432
EUR/USD,20090531 21:27:29.851,1.41421,1.41436
EUR/USD,20090531 21:27:33.515,1.41421,1.41429
EUR/USD,20090531 21:27:36.267,1.41421,1.41431
EUR/USD,20090531 21:27:36.346,1.41421,1.41436
EUR/USD,20090531 21:27:40.023,1.41421,1.41429
EUR/USD,20090531 21:27:48.020,1.41419,1.41429
EUR/USD,20090531 21:27:48.350,1.41391,1.41421
EUR/USD,20090531 21:28:00.268,1.41411,1.41421
EUR/USD,20090531 21:28:00.346,1.41412,1.41428
EUR/USD,20090531 21:28:05.315,1.41391,1.41421
EUR/USD,20090531 21:28:06.846,1.41395,1.41429
EUR/USD,20090531 21:28:09.816,1.41388,1.41422
EUR/USD,20090531 21:28:10.345,1.41391,1.41421
EUR/USD,20090531 21:32:31.338,1.41384,1.41416
EUR/USD,20090531 21:33:24.839,1.4138,1.41415
EUR/USD,20090531 21:33:25.340,1.4143,1.41439
EUR/USD,20090531 21:33:25.840,1.4138,1.41415
EUR/USD,20090531 21:33:28.840,1.41387,1.41425
EUR/USD,20090531 21:33:29.341,1.41444,1.41459
EUR/USD,20090531 21:33:36.839,1.41387,1.41425
EUR/USD,20090531 21:33:39.841,1.41429,1.41439
EUR/USD,20090531 21:33:41.340,1.41413,1.41432
EUR/USD,20090531 21:33:50.034,1.41441,1.41459
EUR/USD,20090531 21:33:50.340,1.41443,1.41458
EUR/USD,20090531 21:33:52.341,1.41416,1.41443
EUR/USD,20090531 21:33:55.341,1.41414,1.41437
EUR/USD,20090531 21:33:56.840,1.41413,1.41432
EUR/USD,20090531 21:34:12.021,1.41413,1.41429
EUR/USD,20090531 21:34:12.341,1.41412,1.41428
EUR/USD,20090531 21:34:30.268,1.41412,1.41419
EUR/USD,20090531 21:34:30.341,1.41411,1.41419
EUR/USD,20090531 21:34:35.268,1.41411,1.4142
EUR/USD,20090531 21:34:35.518,1.41408,1.4142
EUR/USD,20090531 21:34:35.842,1.41405,1.41425
EUR/USD,20090531 21:34:38.517,1.41405,1.41419
EUR/USD,20090531 21:34:38.766,1.41405,1.41425
EUR/USD,20090531 21:34:42.765,1.41405,1.41419
EUR/USD,20090531 21:34:42.842,1.41401,1.41416
EUR/USD,20090531 21:35:13.844,1.41405,1.41425
EUR/USD,20090531 21:35:15.843,1.41402,1.41422
EUR/USD,20090531 21:35:17.843,1.41406,1.41433
EUR/USD,20090531 21:35:18.342,1.41412,1.41439
EUR/USD,20090531 21:35:28.765,1.41421,1.41439
EUR/USD,20090531 21:35:28.842,1.41423,1.41442
EUR/USD,20090531 21:35:29.025,1.41423,1.41429
EUR/USD,20090531 21:35:29.344,1.41421,1.41429
EUR/USD,20090531 21:35:31.022,1.41418,1.41419
EUR/USD,20090531 21:35:31.344,1.41404,1.41419
EUR/USD,20090531 21:35:32.771,1.41404,1.4142
EUR/USD,20090531 21:35:32.844,1.41412,1.41439
EUR/USD,20090531 21:35:33.033,1.41431,1.41439
EUR/USD,20090531 21:35:33.345,1.41433,1.41448
EUR/USD,20090531 21:35:34.346,1.41412,1.41439
EUR/USD,20090531 21:35:35.344,1.41429,1.41467
EUR/USD,20090531 21:35:36.516,1.41429,1.41449
EUR/USD,20090531 21:35:36.843,1.41425,1.41445
EUR/USD,20090531 21:35:50.343,1.41434,1.41465
EUR/USD,20090531 21:35:51.801,1.41434,1.41459
EUR/USD,20090531 21:35:51.843,1.41431,1.41459
EUR/USD,20090531 21:36:27.041,1.41451,1.41459
EUR/USD,20090531 21:36:27.348,1.41452,1.41459
EUR/USD,20090531 21:36:32.350,1.41431,1.41459
EUR/USD,20090531 21:36:35.346,1.41434,1.41459
EUR/USD,20090531 21:36:37.021,1.41434,1.41449
EUR/USD,20090531 21:36:37.281,1.41425,1.41445
EUR/USD,20090531 21:36:50.489,1.41427,1.41447
EUR/USD,20090531 21:37:01.287,1.41424,1.41444
EUR/USD,20090531 21:37:01.739,1.41422,1.41442
EUR/USD,20090531 21:37:10.495,1.41423,1.41442
EUR/USD,20090531 21:37:12.769,1.41423,1.41439
EUR/USD,20090531 21:37:12.783,1.41422,1.41438
EUR/USD,20090531 21:37:20.788,1.41408,1.41423
EUR/USD,20090531 21:37:25.284,1.41408,1.4143
EUR/USD,20090531 21:37:31.767,1.41408,1.41429
EUR/USD,20090531 21:37:31.783,1.41408,1.41421
EUR/USD,20090531 21:38:09.033,1.4139,1.41399
EUR/USD,20090531 21:38:09.288,1.41373,1.41392
EUR/USD,20090531 21:38:11.284,1.41379,1.41398
EUR/USD,20090531 21:38:15.785,1.41376,1.41395
EUR/USD,20090531 21:38:20.529,1.41375,1.41395
EUR/USD,20090531 21:39:01.024,1.41401,1.41429
EUR/USD,20090531 21:39:01.288,1.41402,1.41422
EUR/USD,20090531 21:39:07.785,1.41405,1.41425
EUR/USD,20090531 21:39:10.559,1.41405,1.41424
EUR/USD,20090531 21:39:13.519,1.41411,1.41424
EUR/USD,20090531 21:39:13.820,1.41411,1.41426
EUR/USD,20090531 21:39:14.777,1.4141,1.41426
EUR/USD,20090531 21:39:14.820,1.41381,1.41409
EUR/USD,20090531 21:39:17.287,1.41378,1.41402
EUR/USD,20090531 21:39:18.520,1.41381,1.41402
EUR/USD,20090531 21:39:18.786,1.41385,1.41405
EUR/USD,20090531 21:39:26.287,1.41378,1.41402
EUR/USD,20090531 21:42:40.276,1.41374,1.41399
EUR/USD,20090531 21:42:40.298,1.41364,1.41399
EUR/USD,20090531 21:42:46.264,1.41371,1.41399
EUR/USD,20090531 21:42:46.276,1.41378,1.41402
EUR/USD,20090531 21:42:48.777,1.41364,1.41399
EUR/USD,20090531 21:42:51.769,1.41371,1.41399
EUR/USD,20090531 21:42:51.778,1.41378,1.41402
EUR/USD,20090531 21:42:53.279,1.41364,1.41399
EUR/USD,20090531 21:42:53.781,1.41364,1.41396
EUR/USD,20090531 21:42:55.457,1.41364,1.41371
EUR/USD,20090531 21:42:55.529,1.41364,1.41369
EUR/USD,20090531 21:42:55.776,1.41352,1.41368
EUR/USD,20090531 21:43:00.776,1.41364,1.41371
EUR/USD,20090531 21:43:00.808,1.41364,1.41396
EUR/USD,20090531 21:43:13.776,1.41364,1.41399
EUR/USD,20090531 21:43:14.278,1.41343,1.41352
EUR/USD,20090531 21:43:14.518,1.41351,1.41352
EUR/USD,20090531 21:43:14.780,1.41364,1.41396
EUR/USD,20090531 21:43:19.276,1.41364,1.41399
EUR/USD,20090531 21:43:30.777,1.41364,1.41396
EUR/USD,20090531 21:43:36.266,1.41364,1.41369
EUR/USD,20090531 21:43:36.777,1.41352,1.41368
EUR/USD,20090531 21:43:47.531,1.41343,1.41349
EUR/USD,20090531 21:43:50.027,1.41343,1.41352
EUR/USD,20090531 21:43:50.277,1.41348,1.41367
EUR/USD,20090531 21:43:52.021,1.41351,1.41367
EUR/USD,20090531 21:43:52.280,1.41352,1.41368
EUR/USD,20090531 21:43:53.277,1.41348,1.41367
EUR/USD,20090531 21:43:54.516,1.41348,1.41349
EUR/USD,20090531 21:43:54.778,1.41343,1.41349
EUR/USD,20090531 21:43:55.525,1.41343,1.41352
EUR/USD,20090531 21:43:55.777,1.41348,1.41367
EUR/USD,20090531 21:43:56.779,1.41343,1.41365
EUR/USD,20090531 21:44:00.278,1.41359,1.41397
EUR/USD,20090531 21:44:01.277,1.41358,1.41393
EUR/USD,20090531 21:44:04.277,1.41359,1.41397
EUR/USD,20090531 21:44:15.264,1.41359,1.41369
EUR/USD,20090531 21:44:15.278,1.41343,1.41345
EUR/USD,20090531 21:44:56.795,1.41343,1.41353
EUR/USD,20090531 21:45:02.295,1.41343,1.41345
EUR/USD,20090531 21:45:17.296,1.41307,1.41334
EUR/USD,20090531 21:45:26.265,1.41312,1.41339
EUR/USD,20090531 21:45:26.795,1.41307,1.41334
EUR/USD,20090531 21:45:29.298,1.41306,1.41339
EUR/USD,20090531 21:45:32.298,1.41295,1.41333
EUR/USD,20090531 21:45:38.299,1.4129,1.41325
EUR/USD,20090531 21:46:29.266,1.41291,1.41319
EUR/USD,20090531 21:46:30.266,1.41305,1.41325
EUR/USD,20090531 21:46:30.771,1.41308,1.41328
EUR/USD,20090531 21:46:31.766,1.41291,1.41319
EUR/USD,20090531 21:46:32.765,1.4129,1.41325
EUR/USD,20090531 21:46:38.520,1.41301,1.41325
EUR/USD,20090531 21:46:38.767,1.41302,1.41321
EUR/USD,20090531 21:46:40.767,1.41287,1.41314
EUR/USD,20090531 21:47:10.267,1.41294,1.41326
EUR/USD,20090531 21:47:10.772,1.4129,1.41325
EUR/USD,20090531 21:47:19.267,1.41291,1.41319
EUR/USD,20090531 21:47:23.767,1.41296,1.41324
EUR/USD,20090531 21:47:26.267,1.41301,1.41324
EUR/USD,20090531 21:47:26.267,1.41305,1.41325
EUR/USD,20090531 21:47:33.767,1.41291,1.41319
EUR/USD,20090531 21:47:39.269,1.41288,1.41312
EUR/USD,20090531 21:47:39.516,1.41288,1.41309
EUR/USD,20090531 21:47:39.768,1.41288,1.41289
EUR/USD,20090531 21:47:39.769,1.41279,1.41289
EUR/USD,20090531 21:47:39.897,1.41281,1.41289
EUR/USD,20090531 21:47:40.022,1.41279,1.41289
EUR/USD,20090531 21:47:40.272,1.41269,1.41287
EUR/USD,20090531 21:47:46.767,1.41269,1.41279
EUR/USD,20090531 21:47:47.268,1.41265,1.41279
EUR/USD,20090531 21:47:48.026,1.41265,1.41269
EUR/USD,20090531 21:47:48.270,1.41261,1.41269
EUR/USD,20090531 21:47:52.523,1.4126,1.41272
EUR/USD,20090531 21:47:52.768,1.41253,1.41272
EUR/USD,20090531 21:47:54.268,1.41256,1.41275
EUR/USD,20090531 21:47:54.776,1.41256,1.41269
EUR/USD,20090531 21:47:55.291,1.41252,1.41268
EUR/USD,20090531 21:47:56.270,1.41201,1.41249
EUR/USD,20090531 21:47:56.271,1.41218,1.41243
EUR/USD,20090531 21:47:59.769,1.4125,1.41259
EUR/USD,20090531 21:48:00.033,1.4125,1.41262
EUR/USD,20090531 21:48:00.275,1.41259,1.41269
EUR/USD,20090531 21:48:00.770,1.41254,1.41269
EUR/USD,20090531 21:48:03.771,1.4125,1.41262
EUR/USD,20090531 21:48:03.777,1.4125,1.41259
EUR/USD,20090531 21:48:08.520,1.4125,1.41262
EUR/USD,20090531 21:48:08.768,1.41254,1.41269
EUR/USD,20090531 21:48:14.770,1.41254,1.41259
EUR/USD,20090531 21:48:14.770,1.4125,1.41259
EUR/USD,20090531 21:48:16.773,1.41221,1.41251
EUR/USD,20090531 21:48:19.771,1.41225,1.41259
EUR/USD,20090531 21:48:20.272,1.41237,1.41263
EUR/USD,20090531 21:48:23.519,1.41237,1.41249
EUR/USD,20090531 21:48:23.771,1.41229,1.41248
EUR/USD,20090531 21:48:30.271,1.41226,1.41258
EUR/USD,20090531 21:48:32.271,1.41252,1.41268
EUR/USD,20090531 21:48:49.274,1.41237,1.41264
EUR/USD,20090531 21:48:54.270,1.41238,1.41262
EUR/USD,20090531 21:48:55.270,1.41238,1.41259
EUR/USD,20090531 21:48:55.270,1.41235,1.41255
EUR/USD,20090531 21:48:56.019,1.41251,1.41255
EUR/USD,20090531 21:48:56.276,1.41251,1.41259
EUR/USD,20090531 21:48:57.020,1.41251,1.41261
EUR/USD,20090531 21:48:57.270,1.41249,1.41261
EUR/USD,20090531 21:48:57.273,1.41232,1.41248
EUR/USD,20090531 21:49:08.770,1.41234,1.4125
EUR/USD,20090531 21:49:10.272,1.41239,1.41258
EUR/USD,20090531 21:49:10.518,1.41239,1.41249
EUR/USD,20090531 21:49:10.770,1.41234,1.41249
EUR/USD,20090531 21:49:24.771,1.41232,1.41248
EUR/USD,20090531 21:49:28.270,1.41229,1.41248
EUR/USD,20090531 21:49:31.769,1.41231,1.41248
EUR/USD,20090531 21:49:31.773,1.41232,1.41248
EUR/USD,20090531 21:49:40.270,1.41229,1.41248
EUR/USD,20090531 21:49:42.770,1.41226,1.41245
EUR/USD,20090531 21:49:43.273,1.41218,1.41242
EUR/USD,20090531 21:50:32.767,1.41221,1.41242
EUR/USD,20090531 21:50:32.772,1.41225,1.41245
EUR/USD,20090531 21:51:19.773,1.41234,1.41266
EUR/USD,20090531 21:51:26.282,1.41251,1.41289
EUR/USD,20090531 21:51:29.403,1.41254,1.41292
EUR/USD,20090531 21:51:33.284,1.4127,1.41305
EUR/USD,20090531 21:51:35.275,1.41276,1.41308
EUR/USD,20090531 21:51:44.514,1.41276,1.41299
EUR/USD,20090531 21:51:44.774,1.4127,1.41294
EUR/USD,20090531 21:51:46.281,1.41263,1.41291
EUR/USD,20090531 21:51:59.774,1.41269,1.41294
EUR/USD,20090531 21:52:01.274,1.41274,1.41297
EUR/USD,20090531 21:52:05.781,1.41277,1.41297
EUR/USD,20090531 21:52:12.592,1.41277,1.41296
EUR/USD,20090531 21:52:12.922,1.41277,1.41297
EUR/USD,20090531 21:52:15.259,1.41279,1.41296
EUR/USD,20090531 21:52:15.260,1.41279,1.41297
EUR/USD,20090531 21:52:15.261,1.41277,1.41297
EUR/USD,20090531 21:52:15.264,1.41281,1.41297
EUR/USD,20090531 21:52:15.276,1.41285,1.41299
EUR/USD,20090531 21:52:23.261,1.41288,1.41299
EUR/USD,20090531 21:52:23.265,1.41288,1.41299
EUR/USD,20090531 21:52:23.276,1.41294,1.41299
EUR/USD,20090531 21:52:27.259,1.41294,1.41317
EUR/USD,20090531 21:52:27.260,1.41294,1.41303
EUR/USD,20090531 21:52:27.273,1.41294,1.41299
EUR/USD,20090531 21:52:27.275,1.41285,1.41299
EUR/USD,20090531 21:52:27.510,1.41288,1.41299
EUR/USD,20090531 21:52:27.516,1.41291,1.41299
EUR/USD,20090531 21:52:28.758,1.41291,1.41298
EUR/USD,20090531 21:52:28.759,1.41291,1.41299
EUR/USD,20090531 21:52:28.765,1.4129,1.41299
EUR/USD,20090531 21:52:28.775,1.41285,1.41299
EUR/USD,20090531 21:52:36.289,1.41284,1.41298
EUR/USD,20090531 21:52:54.260,1.41298,1.41298
EUR/USD,20090531 21:52:54.261,1.41284,1.41298
EUR/USD,20090531 21:52:54.277,1.41305,1.41319
EUR/USD,20090531 21:52:57.013,1.41305,1.41318
EUR/USD,20090531 21:52:57.014,1.41305,1.41319
EUR/USD,20090531 21:52:57.259,1.41305,1.41313
EUR/USD,20090531 21:53:01.259,1.41305,1.41321
EUR/USD,20090531 21:53:01.260,1.41305,1.41313
EUR/USD,20090531 21:53:02.629,1.41305,1.41316
EUR/USD,20090531 21:53:04.014,1.41305,1.41321
EUR/USD,20090531 21:53:04.280,1.41298,1.41333
EUR/USD,20090531 21:53:08.509,1.41307,1.41323
EUR/USD,20090531 21:53:08.510,1.41298,1.41333
EUR/USD,20090531 21:53:08.776,1.41299,1.4133
EUR/USD,20090531 21:53:37.012,1.41314,1.41329
EUR/USD,20090531 21:53:37.013,1.41299,1.4133
EUR/USD,20090531 21:53:37.034,1.41301,1.4133
EUR/USD,20090531 21:53:37.278,1.41307,1.41334
EUR/USD,20090531 21:54:08.758,1.41311,1.41334
EUR/USD,20090531 21:54:08.759,1.41307,1.41334
EUR/USD,20090531 21:54:08.779,1.41299,1.4133
EUR/USD,20090531 21:54:09.510,1.41327,1.4133
EUR/USD,20090531 21:54:09.515,1.41331,1.41333
EUR/USD,20090531 21:54:12.258,1.41331,1.41346
EUR/USD,20090531 21:54:12.268,1.4133,1.41346
EUR/USD,20090531 21:54:12.280,1.41304,1.41335
EUR/USD,20090531 21:54:19.778,1.41299,1.4133
EUR/USD,20090531 21:54:26.509,1.41319,1.4133
EUR/USD,20090531 21:54:26.510,1.41299,1.4133
EUR/USD,20090531 21:54:26.516,1.41311,1.4133
EUR/USD,20090531 21:54:26.635,1.41311,1.41334
EUR/USD,20090531 21:54:26.780,1.41318,1.41341
EUR/USD,20090531 21:54:27.763,1.41324,1.41341
EUR/USD,20090531 21:54:27.767,1.41318,1.41341
EUR/USD,20090531 21:54:27.769,1.41321,1.41341
EUR/USD,20090531 21:54:27.782,1.41325,1.41344
EUR/USD,20090531 21:54:28.764,1.41329,1.41344
EUR/USD,20090531 21:54:28.765,1.41325,1.41344
EUR/USD,20090531 21:54:28.771,1.41331,1.41344
EUR/USD,20090531 21:54:28.784,1.41332,1.41348
EUR/USD,20090531 21:54:32.236,1.4133,1.41346
EUR/USD,20090531 21:54:32.281,1.41325,1.41341
EUR/USD,20090531 21:54:32.455,1.41325,1.41339
EUR/USD,20090531 21:54:32.517,1.41321,1.41339
EUR/USD,20090531 21:54:32.536,1.41321,1.41329
EUR/USD,20090531 21:54:32.775,1.4132,1.41333
EUR/USD,20090531 21:54:32.782,1.41317,1.41326
EUR/USD,20090531 21:54:33.282,1.41317,1.41333
EUR/USD,20090531 21:54:37.759,1.41329,1.41337
EUR/USD,20090531 21:54:37.765,1.41331,1.41337
EUR/USD,20090531 21:54:38.279,1.41331,1.41339
EUR/USD,20090531 21:55:26.510,1.41331,1.41345
EUR/USD,20090531 21:55:26.520,1.41329,1.41345
EUR/USD,20090531 21:55:26.796,1.41325,1.4134
EUR/USD,20090531 21:55:46.752,1.41325,1.41343
EUR/USD,20090531 21:55:54.259,1.41324,1.41343
EUR/USD,20090531 21:55:54.297,1.41336,1.41368
EUR/USD,20090531 21:55:58.510,1.41336,1.41358
EUR/USD,20090531 21:55:58.766,1.41327,1.41347
EUR/USD,20090531 21:56:02.260,1.41336,1.41347
EUR/USD,20090531 21:56:02.265,1.41336,1.41358
EUR/USD,20090531 21:56:06.012,1.41336,1.41358
EUR/USD,20090531 21:56:06.013,1.41336,1.41368
EUR/USD,20090531 21:56:06.020,1.41336,1.41349
EUR/USD,20090531 21:56:06.298,1.41327,1.41347
EUR/USD,20090531 21:56:09.796,1.41324,1.41342
EUR/USD,20090531 21:56:23.522,1.41324,1.41339
EUR/USD,20090531 21:56:23.796,1.41323,1.41339
EUR/USD,20090531 21:57:24.266,1.41321,1.41337
EUR/USD,20090531 21:57:28.268,1.4132,1.41336
EUR/USD,20090531 21:57:28.299,1.41317,1.41336
EUR/USD,20090531 21:57:52.767,1.4132,1.41339
EUR/USD,20090531 21:57:53.268,1.41314,1.41337
EUR/USD,20090531 21:57:53.819,1.41314,1.41335
EUR/USD,20090531 21:58:10.967,1.41314,1.41337
EUR/USD,20090531 21:58:11.016,1.41314,1.41332
EUR/USD,20090531 21:58:11.271,1.41314,1.41332
EUR/USD,20090531 21:58:14.258,1.4131,1.41335
EUR/USD,20090531 21:58:14.259,1.4131,1.41335
EUR/USD,20090531 21:58:14.268,1.4131,1.41333
EUR/USD,20090531 21:58:14.344,1.4131,1.41333
EUR/USD,20090531 21:58:16.271,1.41309,1.41329
EUR/USD,20090531 21:58:21.759,1.41327,1.41329
EUR/USD,20090531 21:58:21.760,1.41309,1.41329
EUR/USD,20090531 21:58:21.769,1.41331,1.41339
EUR/USD,20090531 21:58:22.510,1.41331,1.41337
EUR/USD,20090531 21:58:22.770,1.41322,1.41337
EUR/USD,20090531 21:58:51.057,1.41323,1.41337
EUR/USD,20090531 21:59:00.509,1.41324,1.41338
EUR/USD,20090531 21:59:00.510,1.41323,1.41338
EUR/USD,20090531 21:59:00.773,1.41326,1.41344
EUR/USD,20090531 21:59:00.932,1.41329,1.41344
EUR/USD,20090531 21:59:01.025,1.41331,1.41344
EUR/USD,20090531 21:59:01.270,1.41333,1.41347
EUR/USD,20090531 21:59:04.259,1.41333,1.41342
EUR/USD,20090531 21:59:04.260,1.41333,1.41347
EUR/USD,20090531 21:59:04.267,1.41333,1.41339
EUR/USD,20090531 21:59:04.271,1.41331,1.41339
EUR/USD,20090531 21:59:05.020,1.4133,1.41339
EUR/USD,20090531 21:59:05.272,1.41325,1.41339
EUR/USD,20090531 21:59:05.771,1.41322,1.41337
EUR/USD,20090531 21:59:13.773,1.41321,1.41329
EUR/USD,20090531 21:59:13.819,1.41312,1.41329
EUR/USD,20090531 21:59:28.924,1.41309,1.41329
EUR/USD,20090531 21:59:41.272,1.4131,1.41333
EUR/USD,20090531 21:59:51.098,1.4131,1.41334
EUR/USD,20090531 21:59:54.965,1.41315,1.41334
EUR/USD,20090531 21:59:55.289,1.41317,1.41337
EUR/USD,20090531 21:59:57.509,1.41317,1.41336
EUR/USD,20090531 21:59:57.520,1.41317,1.41319
EUR/USD,20090531 21:59:57.788,1.41313,1.41319
EUR/USD,20090531 22:00:04.019,1.41314,1.41319
EUR/USD,20090531 22:00:04.020,1.41311,1.41319
EUR/USD,20090531 22:00:04.040,1.41311,1.41323
EUR/USD,20090531 22:00:04.287,1.4132,1.41339
EUR/USD,20090531 22:00:06.759,1.4132,1.41336
EUR/USD,20090531 22:00:06.760,1.4132,1.41339
EUR/USD,20090531 22:00:06.771,1.41311,1.41319
EUR/USD,20090531 22:00:09.513,1.41311,1.41317
EUR/USD,20090531 22:00:09.526,1.41311,1.41317
EUR/USD,20090531 22:00:09.789,1.41302,1.41317
EUR/USD,20090531 22:00:11.790,1.41306,1.41317
EUR/USD,20090531 22:00:18.259,1.41306,1.41319
EUR/USD,20090531 22:00:18.271,1.41321,1.41326
EUR/USD,20090531 22:00:18.288,1.41323,1.41326
EUR/USD,20090531 22:00:18.304,1.41323,1.41331
EUR/USD,20090531 22:00:22.258,1.41323,1.41339
EUR/USD,20090531 22:00:22.259,1.41323,1.41331
EUR/USD,20090531 22:00:22.264,1.41323,1.41329
EUR/USD,20090531 22:00:22.289,1.41321,1.41329
EUR/USD,20090531 22:00:28.025,1.41321,1.41333
EUR/USD,20090531 22:00:28.288,1.41326,1.41339
EUR/USD,20090531 22:00:30.736,1.41323,1.41338
EUR/USD,20090531 22:00:31.290,1.4132,1.41334
EUR/USD,20090531 22:00:31.306,1.41311,1.41334
EUR/USD,20090531 22:00:34.258,1.41313,1.41334
EUR/USD,20090531 22:00:34.289,1.41313,1.41331
EUR/USD,20090531 22:00:37.789,1.41313,1.41334
EUR/USD,20090531 22:00:46.297,1.41313,1.4133
EUR/USD,20090531 22:00:49.288,1.41313,1.41331
EUR/USD,20090531 22:00:55.651,1.41313,1.41333
EUR/USD,20090531 22:01:03.013,1.41316,1.41333
EUR/USD,20090531 22:01:03.295,1.41321,1.41338
EUR/USD,20090531 22:01:04.759,1.41321,1.41351
EUR/USD,20090531 22:01:04.760,1.41321,1.41352
EUR/USD,20090531 22:01:04.789,1.41321,1.41349
EUR/USD,20090531 22:01:07.758,1.41321,1.41343
EUR/USD,20090531 22:01:07.796,1.41321,1.41337
EUR/USD,20090531 22:01:09.012,1.41318,1.41337
EUR/USD,20090531 22:01:09.291,1.41318,1.41333
EUR/USD,20090531 22:01:13.289,1.41318,1.41338
EUR/USD,20090531 22:01:13.789,1.41318,1.41343
EUR/USD,20090531 22:01:16.758,1.41328,1.4134
EUR/USD,20090531 22:01:16.764,1.41331,1.4134
EUR/USD,20090531 22:01:16.789,1.41332,1.4134
EUR/USD,20090531 22:01:16.956,1.41333,1.4134
EUR/USD,20090531 22:01:17.291,1.41334,1.4134
EUR/USD,20090531 22:01:18.760,1.41334,1.41348
EUR/USD,20090531 22:01:18.790,1.41339,1.41348
EUR/USD,20090531 22:01:19.012,1.41339,1.41356
EUR/USD,20090531 22:01:19.018,1.41339,1.41339
EUR/USD,20090531 22:01:19.295,1.41334,1.41339
EUR/USD,20090531 22:01:20.264,1.41334,1.41342
EUR/USD,20090531 22:01:20.292,1.41339,1.41344
EUR/USD,20090531 22:01:21.759,1.41339,1.41356
EUR/USD,20090531 22:01:21.767,1.41339,1.41349
EUR/USD,20090531 22:01:22.290,1.41332,1.41347
EUR/USD,20090531 22:01:22.510,1.41338,1.41347
EUR/USD,20090531 22:01:22.516,1.41341,1.41347
EUR/USD,20090531 22:01:22.792,1.41341,1.41349
EUR/USD,20090531 22:01:24.759,1.41341,1.41348
EUR/USD,20090531 22:01:24.766,1.41338,1.41339
EUR/USD,20090531 22:01:24.789,1.41333,1.41339
EUR/USD,20090531 22:01:24.829,1.41332,1.41339
EUR/USD,20090531 22:01:25.511,1.41331,1.41339
EUR/USD,20090531 22:01:25.523,1.4133,1.41339
EUR/USD,20090531 22:01:25.790,1.41308,1.41332
EUR/USD,20090531 22:01:26.259,1.41312,1.41332
EUR/USD,20090531 22:01:26.288,1.41312,1.41333
EUR/USD,20090531 22:01:26.759,1.41328,1.41333
EUR/USD,20090531 22:01:26.760,1.41314,1.41333
EUR/USD,20090531 22:01:26.765,1.41331,1.41333
EUR/USD,20090531 22:01:26.790,1.41331,1.41345
EUR/USD,20090531 22:01:28.768,1.4133,1.41345
EUR/USD,20090531 22:01:28.794,1.4133,1.41333
EUR/USD,20090531 22:01:28.835,1.41309,1.41333
EUR/USD,20090531 22:01:29.308,1.41307,1.41333
EUR/USD,20090531 22:01:40.306,1.41308,1.41334
EUR/USD,20090531 22:02:00.516,1.4132,1.41334
EUR/USD,20090531 22:02:08.292,1.41331,1.41339
EUR/USD,20090531 22:02:10.290,1.41321,1.41339
EUR/USD,20090531 22:02:11.758,1.41322,1.41342
EUR/USD,20090531 22:02:11.759,1.41321,1.41351
EUR/USD,20090531 22:02:11.790,1.41331,1.41355
EUR/USD,20090531 22:02:16.012,1.41331,1.41344
EUR/USD,20090531 22:02:16.013,1.41331,1.41357
EUR/USD,20090531 22:02:16.294,1.41329,1.41357
EUR/USD,20090531 22:02:45.017,1.41329,1.41348
EUR/USD,20090531 22:02:45.018,1.41329,1.41361
EUR/USD,20090531 22:02:45.028,1.41329,1.41359
EUR/USD,20090531 22:02:45.039,1.41323,1.41359
EUR/USD,20090531 22:02:45.296,1.41315,1.41341
EUR/USD,20090531 22:02:46.023,1.41315,1.41329
EUR/USD,20090531 22:02:46.066,1.4131,1.41329
EUR/USD,20090531 22:02:46.295,1.41306,1.41322
EUR/USD,20090531 22:02:47.017,1.41305,1.41322
EUR/USD,20090531 22:02:47.024,1.41305,1.41319
EUR/USD,20090531 22:02:47.070,1.41303,1.41319
EUR/USD,20090531 22:02:47.300,1.41303,1.41315
EUR/USD,20090531 22:02:47.794,1.41303,1.41317
EUR/USD,20090531 22:03:00.516,1.41317,1.41317
EUR/USD,20090531 22:03:00.517,1.41304,1.41317
EUR/USD,20090531 22:03:00.760,1.41302,1.41317
EUR/USD,20090531 22:03:00.776,1.41302,1.41318
EUR/USD,20090531 22:03:00.797,1.41301,1.4131
EUR/USD,20090531 22:03:01.016,1.41303,1.4131
EUR/USD,20090531 22:03:01.022,1.41309,1.4131
EUR/USD,20090531 22:03:01.759,1.41324,1.41344
EUR/USD,20090531 22:03:04.510,1.41327,1.41346
EUR/USD,20090531 22:03:04.512,1.41314,1.41359
EUR/USD,20090531 22:03:04.793,1.41329,1.41359
EUR/USD,20090531 22:03:06.510,1.41329,1.41349
EUR/USD,20090531 22:03:06.512,1.41329,1.41362
EUR/USD,20090531 22:03:08.013,1.41329,1.41351
EUR/USD,20090531 22:03:08.065,1.41329,1.41343
EUR/USD,20090531 22:03:08.294,1.41317,1.41343
EUR/USD,20090531 22:03:22.020,1.41317,1.41344
EUR/USD,20090531 22:04:16.548,1.41317,1.41342
EUR/USD,20090531 22:04:18.085,1.41317,1.41343
EUR/USD,20090531 22:04:21.419,1.41314,1.41341
EUR/USD,20090531 22:04:34.796,1.41304,1.41331
EUR/USD,20090531 22:04:40.757,1.41306,1.41331
EUR/USD,20090531 22:04:40.758,1.41304,1.41331
EUR/USD,20090531 22:04:40.764,1.41304,1.41329
EUR/USD,20090531 22:04:40.798,1.41307,1.41326
EUR/USD,20090531 22:05:00.513,1.41314,1.41326
EUR/USD,20090531 22:05:00.518,1.41307,1.41326
EUR/USD,20090531 22:05:00.800,1.41305,1.41331
EUR/USD,20090531 22:05:03.976,1.41307,1.41331
EUR/USD,20090531 22:05:04.019,1.41307,1.41329
EUR/USD,20090531 22:05:04.296,1.41307,1.41326
EUR/USD,20090531 22:05:28.021,1.41311,1.41326
EUR/USD,20090531 22:05:28.055,1.41313,1.41326
EUR/USD,20090531 22:05:28.295,1.41313,1.41327
EUR/USD,20090531 22:05:29.094,1.41312,1.41327
EUR/USD,20090531 22:06:02.012,1.41318,1.41327
EUR/USD,20090531 22:06:02.014,1.41312,1.41327
EUR/USD,20090531 22:06:02.297,1.41313,1.41336
EUR/USD,20090531 22:06:03.510,1.41315,1.41336
EUR/USD,20090531 22:06:03.798,1.41315,1.41331
EUR/USD,20090531 22:06:32.259,1.41305,1.41331
EUR/USD,20090531 22:06:32.298,1.41281,1.41297
EUR/USD,20090531 22:06:32.343,1.41305,1.41349
EUR/USD,20090531 22:06:32.344,1.41285,1.41308
EUR/USD,20090531 22:06:32.956,1.41284,1.41307
EUR/USD,20090531 22:06:33.072,1.41284,1.41305
EUR/USD,20090531 22:06:36.514,1.41301,1.41303
EUR/USD,20090531 22:06:52.767,1.41302,1.41303
EUR/USD,20090531 22:07:06.267,1.41301,1.41303
EUR/USD,20090531 22:07:08.012,1.41295,1.4133
EUR/USD,20090531 22:07:08.267,1.41302,1.41334
EUR/USD,20090531 22:07:36.011,1.41304,1.4133
EUR/USD,20090531 22:07:42.258,1.41302,1.41334
EUR/USD,20090531 22:07:42.259,1.41302,1.41326
EUR/USD,20090531 22:07:42.268,1.41292,1.41316
EUR/USD,20090531 22:07:43.509,1.41295,1.41314
EUR/USD,20090531 22:07:43.510,1.41295,1.41316
EUR/USD,20090531 22:07:43.770,1.41295,1.41317
EUR/USD,20090531 22:07:47.258,1.41298,1.41317
EUR/USD,20090531 22:07:47.259,1.41292,1.4133
EUR/USD,20090531 22:07:47.769,1.41288,1.41326
EUR/USD,20090531 22:07:50.979,1.41288,1.41307
EUR/USD,20090531 22:07:51.270,1.41277,1.41293
EUR/USD,20090531 22:07:51.579,1.41277,1.41293
EUR/USD,20090531 22:07:58.258,1.41276,1.41293
EUR/USD,20090531 22:07:58.259,1.41296,1.41299
EUR/USD,20090531 22:08:00.509,1.41288,1.41318
EUR/USD,20090531 22:08:00.555,1.41288,1.41307
EUR/USD,20090531 22:08:00.768,1.41277,1.41293
EUR/USD,20090531 22:08:02.768,1.41277,1.41297
EUR/USD,20090531 22:08:05.984,1.41277,1.41297
EUR/USD,20090531 22:08:06.012,1.41296,1.41297
EUR/USD,20090531 22:08:06.014,1.41277,1.41297
EUR/USD,20090531 22:08:06.271,1.41296,1.41334
EUR/USD,20090531 22:08:08.770,1.41288,1.41326
EUR/USD,20090531 22:08:13.268,1.4128,1.41318
EUR/USD,20090531 22:08:27.769,1.41274,1.41312
EUR/USD,20090531 22:08:52.769,1.41283,1.41321
EUR/USD,20090531 22:09:01.023,1.41296,1.41318
EUR/USD,20090531 22:09:10.013,1.41292,1.4133
EUR/USD,20090531 22:09:10.016,1.41301,1.4133
EUR/USD,20090531 22:09:11.257,1.41312,1.4133
EUR/USD,20090531 22:09:31.770,1.41312,1.41321
EUR/USD,20090531 22:10:01.261,1.41301,1.41321
EUR/USD,20090531 22:10:01.262,1.4131,1.41321
EUR/USD,20090531 22:10:01.291,1.4131,1.41316
EUR/USD,20090531 22:10:09.259,1.41314,1.41316
EUR/USD,20090531 22:10:09.260,1.413,1.41316
EUR/USD,20090531 22:10:09.290,1.413,1.41321
EUR/USD,20090531 22:10:09.344,1.41313,1.41321
EUR/USD,20090531 22:10:20.760,1.41321,1.41321
EUR/USD,20090531 22:10:20.760,1.41322,1.41336
EUR/USD,20090531 22:10:20.789,1.41323,1.41336
EUR/USD,20090531 22:10:20.852,1.41325,1.41336
EUR/USD,20090531 22:10:38.449,1.41326,1.41336
EUR/USD,20090531 22:10:38.798,1.41325,1.41336
EUR/USD,20090531 22:10:39.052,1.41326,1.41336
EUR/USD,20090531 22:10:39.265,1.41328,1.41343
EUR/USD,20090531 22:10:39.268,1.41326,1.41343
EUR/USD,20090531 22:10:39.284,1.41331,1.41343
EUR/USD,20090531 22:10:39.291,1.41331,1.41347
EUR/USD,20090531 22:10:39.391,1.41334,1.41347
EUR/USD,20090531 22:10:39.567,1.41331,1.41347
EUR/USD,20090531 22:10:39.811,1.41335,1.41347
EUR/USD,20090531 22:10:40.293,1.41335,1.41343
EUR/USD,20090531 22:10:40.327,1.41331,1.41343
EUR/USD,20090531 22:10:40.796,1.41331,1.4135
EUR/USD,20090531 22:10:42.758,1.41333,1.4135
EUR/USD,20090531 22:10:42.787,1.41337,1.41351
EUR/USD,20090531 22:10:44.515,1.41337,1.41355
EUR/USD,20090531 22:10:44.519,1.41337,1.41356
EUR/USD,20090531 22:10:44.762,1.41347,1.41351
EUR/USD,20090531 22:10:44.765,1.41337,1.41356
EUR/USD,20090531 22:10:44.785,1.41351,1.41356
EUR/USD,20090531 22:10:44.794,1.41351,1.41359
EUR/USD,20090531 22:10:45.014,1.41351,1.41357
EUR/USD,20090531 22:10:45.015,1.41351,1.41359
EUR/USD,20090531 22:10:45.028,1.41351,1.4136
EUR/USD,20090531 22:10:45.272,1.41348,1.4136
EUR/USD,20090531 22:10:45.294,1.41343,1.41357
EUR/USD,20090531 22:10:45.306,1.41348,1.41357
EUR/USD,20090531 22:10:45.496,1.41329,1.41357
EUR/USD,20090531 22:10:45.528,1.41337,1.41357
EUR/USD,20090531 22:10:46.012,1.41329,1.41357
EUR/USD,20090531 22:10:46.293,1.41329,1.4135
EUR/USD,20090531 22:10:47.542,1.41328,1.4135
EUR/USD,20090531 22:10:47.763,1.41328,1.41347
EUR/USD,20090531 22:10:47.766,1.41328,1.41349
EUR/USD,20090531 22:10:47.789,1.41328,1.4134
EUR/USD,20090531 22:10:47.831,1.41327,1.4134
EUR/USD,20090531 22:10:48.947,1.41325,1.4134
EUR/USD,20090531 22:10:49.463,1.41326,1.4134
EUR/USD,20090531 22:10:51.580,1.41328,1.4134
EUR/USD,20090531 22:10:51.962,1.41326,1.4134
EUR/USD,20090531 22:10:56.473,1.41323,1.4134
EUR/USD,20090531 22:10:56.524,1.41323,1.41339
EUR/USD,20090531 22:10:56.788,1.41323,1.41337
EUR/USD,20090531 22:10:59.012,1.41323,1.41332
EUR/USD,20090531 22:10:59.063,1.41321,1.41332
EUR/USD,20090531 22:10:59.289,1.41312,1.41316
EUR/USD,20090531 22:11:03.456,1.41311,1.41316
EUR/USD,20090531 22:11:04.293,1.41311,1.4133
EUR/USD,20090531 22:11:04.425,1.41312,1.4133
EUR/USD,20090531 22:11:12.524,1.41312,1.41332
EUR/USD,20090531 22:11:16.383,1.41311,1.41332
EUR/USD,20090531 22:11:16.544,1.41311,1.4133
EUR/USD,20090531 22:11:28.758,1.41314,1.4133
EUR/USD,20090531 22:11:28.760,1.41311,1.4133
EUR/USD,20090531 22:11:28.790,1.41313,1.41333
EUR/USD,20090531 22:11:28.797,1.41316,1.41333
EUR/USD,20090531 22:11:33.789,1.41316,1.4133
EUR/USD,20090531 22:11:33.942,1.41314,1.4133
EUR/USD,20090531 22:11:35.042,1.4131,1.4133
EUR/USD,20090531 22:11:35.289,1.4131,1.41326
EUR/USD,20090531 22:11:51.509,1.4131,1.41326
EUR/USD,20090531 22:12:21.392,1.41307,1.41326
EUR/USD,20090531 22:12:29.361,1.41306,1.41326
EUR/USD,20090531 22:12:30.022,1.4131,1.41326
EUR/USD,20090531 22:12:38.758,1.41306,1.41326
EUR/USD,20090531 22:12:38.791,1.41306,1.4132
EUR/USD,20090531 22:12:38.814,1.41305,1.4132
EUR/USD,20090531 22:12:46.043,1.41307,1.4132
EUR/USD,20090531 22:12:46.934,1.41305,1.4132
EUR/USD,20090531 22:12:53.306,1.41304,1.4132
EUR/USD,20090531 22:13:33.769,1.41305,1.4132
EUR/USD,20090531 22:13:33.772,1.41304,1.4132
EUR/USD,20090531 22:13:36.549,1.41305,1.4132
EUR/USD,20090531 22:13:53.042,1.41304,1.4132
EUR/USD,20090531 22:14:27.966,1.41303,1.4132
EUR/USD,20090531 22:14:28.779,1.41305,1.4132
EUR/USD,20090531 22:14:28.781,1.41303,1.4132
EUR/USD,20090531 22:14:31.963,1.41304,1.4132
EUR/USD,20090531 22:14:32.295,1.41304,1.41323
EUR/USD,20090531 22:14:35.012,1.41309,1.41323
EUR/USD,20090531 22:14:35.014,1.41304,1.41323
EUR/USD,20090531 22:14:35.017,1.41311,1.41323
EUR/USD,20090531 22:14:35.293,1.41311,1.41325
EUR/USD,20090531 22:14:35.784,1.41309,1.41325
EUR/USD,20090531 22:14:35.798,1.41309,1.41323
EUR/USD,20090531 22:14:35.844,1.41304,1.41323
EUR/USD,20090531 22:14:58.795,1.41304,1.4132
EUR/USD,20090531 22:15:01.794,1.41304,1.41323
EUR/USD,20090531 22:15:30.773,1.41304,1.41323
EUR/USD,20090531 22:15:33.796,1.41301,1.4132
EUR/USD,20090531 22:15:47.757,1.41308,1.4132
EUR/USD,20090531 22:15:47.798,1.41308,1.41325
EUR/USD,20090531 22:15:47.813,1.41308,1.4133
EUR/USD,20090531 22:15:52.258,1.41313,1.4133
EUR/USD,20090531 22:15:52.796,1.41313,1.4133
EUR/USD,20090531 22:15:56.977,1.41313,1.41327
EUR/USD,20090531 22:15:57.015,1.41313,1.41327
EUR/USD,20090531 22:15:57.297,1.41311,1.41325
EUR/USD,20090531 22:16:11.265,1.41311,1.41321
EUR/USD,20090531 22:16:11.270,1.41306,1.41321
EUR/USD,20090531 22:16:11.321,1.41302,1.41321
EUR/USD,20090531 22:16:53.267,1.41305,1.41324
EUR/USD,20090531 22:16:56.267,1.41302,1.41321
EUR/USD,20090531 22:17:03.767,1.41274,1.41306
EUR/USD,20090531 22:17:05.758,1.41296,1.41306
EUR/USD,20090531 22:17:05.759,1.41283,1.41306
EUR/USD,20090531 22:17:05.801,1.41287,1.41314
EUR/USD,20090531 22:17:23.258,1.41299,1.41314
EUR/USD,20090531 22:17:23.283,1.41299,1.41317
EUR/USD,20090531 22:17:32.789,1.41299,1.41318
EUR/USD,20090531 22:18:12.509,1.41299,1.41321
EUR/USD,20090531 22:18:12.788,1.41325,1.41356
EUR/USD,20090531 22:18:15.759,1.41325,1.41348
EUR/USD,20090531 22:18:16.285,1.41321,1.41348
EUR/USD,20090531 22:18:18.505,1.41321,1.41339
EUR/USD,20090531 22:18:18.785,1.41313,1.41339
EUR/USD,20090531 22:18:23.509,1.41326,1.41335
EUR/USD,20090531 22:18:23.510,1.41326,1.41339
EUR/USD,20090531 22:18:23.783,1.41326,1.41348
EUR/USD,20090531 22:18:24.258,1.41321,1.41348
EUR/USD,20090531 22:18:24.284,1.41325,1.41348
EUR/USD,20090531 22:18:26.758,1.41325,1.41343
EUR/USD,20090531 22:18:26.759,1.41325,1.41347
EUR/USD,20090531 22:18:26.784,1.4131,1.41341
EUR/USD,20090531 22:18:33.784,1.41311,1.41339
EUR/USD,20090531 22:18:39.509,1.41326,1.41334
EUR/USD,20090531 22:18:39.510,1.41326,1.41339
EUR/USD,20090531 22:18:39.784,1.41326,1.41348
EUR/USD,20090531 22:18:41.260,1.41328,1.41359
EUR/USD,20090531 22:18:41.270,1.41331,1.41359
EUR/USD,20090531 22:18:41.289,1.41341,1.41361
EUR/USD,20090531 22:18:41.758,1.41341,1.41363
EUR/USD,20090531 22:18:41.786,1.41341,1.41362
EUR/USD,20090531 22:18:43.286,1.41341,1.41353
EUR/USD,20090531 22:18:43.787,1.41341,1.41362
EUR/USD,20090531 22:18:52.249,1.41341,1.4136
EUR/USD,20090531 22:18:54.512,1.41336,1.4136
EUR/USD,20090531 22:18:54.786,1.41327,1.4135
EUR/USD,20090531 22:18:57.511,1.41332,1.41349
EUR/USD,20090531 22:18:57.785,1.41332,1.41348
EUR/USD,20090531 22:18:59.761,1.41327,1.41348
EUR/USD,20090531 22:18:59.785,1.41327,1.4135
EUR/USD,20090531 22:19:09.260,1.41316,1.41349
EUR/USD,20090531 22:19:09.261,1.41315,1.4135
EUR/USD,20090531 22:19:09.266,1.41315,1.41349
EUR/USD,20090531 22:19:10.263,1.41321,1.41338
EUR/USD,20090531 22:19:10.264,1.41321,1.41343
EUR/USD,20090531 22:19:16.260,1.41315,1.4135
EUR/USD,20090531 22:19:16.287,1.41322,1.41354
EUR/USD,20090531 22:19:16.788,1.41318,1.41353
EUR/USD,20090531 22:19:16.864,1.41331,1.41349
EUR/USD,20090531 22:19:24.511,1.41325,1.41353
EUR/USD,20090531 22:19:24.512,1.41338,1.41353
EUR/USD,20090531 22:19:24.786,1.41338,1.41357
EUR/USD,20090531 22:19:29.386,1.41326,1.41357
EUR/USD,20090531 22:19:47.771,1.41326,1.41339
EUR/USD,20090531 22:19:47.788,1.41323,1.41337
EUR/USD,20090531 22:19:49.016,1.41321,1.41337
EUR/USD,20090531 22:19:49.017,1.41323,1.41337
EUR/USD,20090531 22:19:49.029,1.41323,1.41329
EUR/USD,20090531 22:19:51.261,1.41321,1.41329
EUR/USD,20090531 22:19:51.264,1.41331,1.41333
EUR/USD,20090531 22:19:51.513,1.41331,1.41356
EUR/USD,20090531 22:19:51.517,1.41342,1.41353
EUR/USD,20090531 22:19:54.758,1.41342,1.41369
EUR/USD,20090531 22:19:54.759,1.41342,1.41359
EUR/USD,20090531 22:19:54.770,1.41337,1.41356
EUR/USD,20090531 22:19:58.012,1.41327,1.41356
EUR/USD,20090531 22:19:58.270,1.41329,1.4136
EUR/USD,20090531 22:20:37.014,1.41335,1.4136
EUR/USD,20090531 22:20:37.271,1.41335,1.41359
EUR/USD,20090531 22:20:49.187,1.41335,1.41357
EUR/USD,20090531 22:21:01.259,1.4133,1.41357
EUR/USD,20090531 22:21:01.260,1.41329,1.41357
EUR/USD,20090531 22:21:01.775,1.41322,1.41354
EUR/USD,20090531 22:21:09.325,1.41324,1.41356
EUR/USD,20090531 22:21:37.776,1.41331,1.41359
EUR/USD,20090531 22:21:37.798,1.41334,1.41352
EUR/USD,20090531 22:21:37.799,1.41334,1.41356
EUR/USD,20090531 22:22:22.776,1.41336,1.41356
EUR/USD,20090531 22:22:31.630,1.41337,1.41356
EUR/USD,20090531 22:22:32.273,1.41334,1.41356
EUR/USD,20090531 22:22:32.774,1.41332,1.41359
EUR/USD,20090531 22:22:32.808,1.41334,1.41356
EUR/USD,20090531 22:22:57.509,1.41331,1.41359
EUR/USD,20090531 22:22:57.510,1.41341,1.41359
EUR/USD,20090531 22:22:57.775,1.41345,1.41363
EUR/USD,20090531 22:23:22.757,1.41348,1.41363
EUR/USD,20090531 22:23:22.759,1.41345,1.41365
EUR/USD,20090531 22:23:22.779,1.41348,1.41367
EUR/USD,20090531 22:23:22.807,1.41348,1.41372
EUR/USD,20090531 22:23:41.532,1.4135,1.41372
EUR/USD,20090531 22:23:43.098,1.41348,1.41372
EUR/USD,20090531 22:24:06.777,1.41352,1.41372
EUR/USD,20090531 22:24:12.281,1.41348,1.41371
EUR/USD,20090531 22:24:17.768,1.41348,1.4137
EUR/USD,20090531 22:24:25.258,1.41348,1.41372
EUR/USD,20090531 22:24:25.279,1.41331,1.41363
EUR/USD,20090531 22:24:25.317,1.41328,1.41363
EUR/USD,20090531 22:24:37.857,1.41337,1.41359
EUR/USD,20090531 22:24:46.763,1.41328,1.41359
EUR/USD,20090531 22:24:46.772,1.41328,1.41349
EUR/USD,20090531 22:24:46.829,1.41322,1.41349
EUR/USD,20090531 22:24:47.284,1.41322,1.41338
EUR/USD,20090531 22:24:48.016,1.41315,1.41338
EUR/USD,20090531 22:24:48.029,1.41315,1.41329
EUR/USD,20090531 22:24:48.288,1.41315,1.41326
EUR/USD,20090531 22:24:48.784,1.41315,1.41332
EUR/USD,20090531 22:24:48.827,1.41314,1.41332
EUR/USD,20090531 22:24:48.987,1.41312,1.41327
EUR/USD,20090531 22:24:49.019,1.41312,1.41319
EUR/USD,20090531 22:24:49.281,1.41311,1.41319
EUR/USD,20090531 22:24:51.034,1.41311,1.41319
EUR/USD,20090531 22:24:51.232,1.41311,1.41321
EUR/USD,20090531 22:24:51.283,1.41312,1.41328
EUR/USD,20090531 22:24:54.281,1.41315,1.41332
EUR/USD,20090531 22:24:54.343,1.41315,1.41335
EUR/USD,20090531 22:24:55.778,1.41318,1.41338
EUR/USD,20090531 22:24:57.779,1.41315,1.41335
EUR/USD,20090531 22:25:20.257,1.41331,1.41335
EUR/USD,20090531 22:25:20.258,1.41315,1.41335
EUR/USD,20090531 22:25:20.280,1.41328,1.41343
EUR/USD,20090531 22:25:20.320,1.41328,1.41363
EUR/USD,20090531 22:25:46.760,1.41341,1.41353
EUR/USD,20090531 22:25:46.761,1.41328,1.41363
EUR/USD,20090531 22:25:46.782,1.41331,1.41363
EUR/USD,20090531 22:25:46.786,1.41341,1.41369
EUR/USD,20090531 22:25:48.509,1.41352,1.41363
EUR/USD,20090531 22:25:48.758,1.41353,1.41369
EUR/USD,20090531 22:25:48.779,1.41355,1.41369
EUR/USD,20090531 22:25:49.282,1.41353,1.41368
EUR/USD,20090531 22:25:50.258,1.41352,1.41368
EUR/USD,20090531 22:25:50.279,1.41346,1.41357
EUR/USD,20090531 22:25:50.320,1.41334,1.41357
EUR/USD,20090531 22:25:51.965,1.41334,1.4135
EUR/USD,20090531 22:25:52.026,1.41334,1.41349
EUR/USD,20090531 22:25:52.280,1.41333,1.41348
EUR/USD,20090531 22:25:53.279,1.41333,1.41346
EUR/USD,20090531 22:25:54.779,1.41333,1.41348
EUR/USD,20090531 22:25:56.012,1.41332,1.41348
EUR/USD,20090531 22:25:56.013,1.41332,1.41343
EUR/USD,20090531 22:25:56.014,1.41332,1.41348
EUR/USD,20090531 22:25:56.280,1.41318,1.41342
EUR/USD,20090531 22:25:56.509,1.41321,1.41342
EUR/USD,20090531 22:25:56.781,1.41321,1.41343
EUR/USD,20090531 22:26:51.023,1.41319,1.41347
EUR/USD,20090531 22:26:51.509,1.41331,1.41343
EUR/USD,20090531 22:26:51.510,1.41319,1.41347
EUR/USD,20090531 22:26:51.781,1.41316,1.4134
EUR/USD,20090531 22:26:55.328,1.41318,1.41342
EUR/USD,20090531 22:27:12.258,1.41327,1.41341
EUR/USD,20090531 22:27:12.269,1.41331,1.41341
EUR/USD,20090531 22:27:12.781,1.41332,1.41341
EUR/USD,20090531 22:27:20.758,1.41332,1.41348
EUR/USD,20090531 22:27:20.761,1.41341,1.41347
EUR/USD,20090531 22:27:25.258,1.41352,1.41363
EUR/USD,20090531 22:27:25.259,1.41341,1.41369
EUR/USD,20090531 22:27:25.270,1.41351,1.41369
EUR/USD,20090531 22:27:25.282,1.41355,1.41375
EUR/USD,20090531 22:27:54.285,1.41358,1.41376
EUR/USD,20090531 22:27:58.479,1.41358,1.41376
EUR/USD,20090531 22:27:58.514,1.41358,1.41374
EUR/USD,20090531 22:27:58.515,1.41358,1.41378
EUR/USD,20090531 22:27:58.524,1.41361,1.41378
EUR/USD,20090531 22:27:58.764,1.41358,1.41378
EUR/USD,20090531 22:27:58.776,1.41358,1.41359
EUR/USD,20090531 22:27:58.785,1.41355,1.41359
EUR/USD,20090531 22:27:58.828,1.41351,1.41359
EUR/USD,20090531 22:28:03.260,1.41353,1.41359
EUR/USD,20090531 22:28:03.262,1.41351,1.41359
EUR/USD,20090531 22:28:03.269,1.41351,1.41359
EUR/USD,20090531 22:28:03.302,1.41353,1.41365
EUR/USD,20090531 22:28:03.323,1.41353,1.41373
EUR/USD,20090531 22:28:04.258,1.41353,1.41369
EUR/USD,20090531 22:28:04.259,1.41353,1.41373
EUR/USD,20090531 22:28:04.287,1.41347,1.41367
EUR/USD,20090531 22:28:04.324,1.41339,1.41367
EUR/USD,20090531 22:28:07.787,1.41334,1.41362
EUR/USD,20090531 22:28:09.514,1.41336,1.41364
EUR/USD,20090531 22:28:21.549,1.41334,1.41361
EUR/USD,20090531 22:28:23.284,1.41339,1.41366
EUR/USD,20090531 22:28:31.791,1.41339,1.41367
EUR/USD,20090531 22:28:50.784,1.41344,1.41372
EUR/USD,20090531 22:28:52.762,1.41344,1.41369
EUR/USD,20090531 22:28:52.785,1.41341,1.41364
EUR/USD,20090531 22:28:57.284,1.4134,1.41356
EUR/USD,20090531 22:28:58.758,1.41333,1.41356
EUR/USD,20090531 22:28:58.770,1.41333,1.41349
EUR/USD,20090531 22:28:58.976,1.41332,1.41349
EUR/USD,20090531 22:28:59.285,1.41332,1.41348
EUR/USD,20090531 22:28:59.968,1.41334,1.41348
EUR/USD,20090531 22:29:00.295,1.41332,1.41348
EUR/USD,20090531 22:29:01.459,1.41332,1.41348
EUR/USD,20090531 22:29:01.509,1.41338,1.41348
EUR/USD,20090531 22:29:01.785,1.41338,1.41352
EUR/USD,20090531 22:29:11.803,1.41339,1.41352
EUR/USD,20090531 22:29:16.509,1.41342,1.4136
EUR/USD,20090531 22:29:16.786,1.41346,1.4136
EUR/USD,20090531 22:29:18.509,1.41348,1.41364
EUR/USD,20090531 22:29:22.257,1.41353,1.4137
EUR/USD,20090531 22:29:22.258,1.41348,1.41372
EUR/USD,20090531 22:29:22.274,1.41351,1.41372
EUR/USD,20090531 22:29:22.285,1.41359,1.41378
EUR/USD,20090531 22:29:25.759,1.41363,1.41375
EUR/USD,20090531 22:29:25.760,1.41359,1.41378
EUR/USD,20090531 22:29:29.258,1.4137,1.41378
EUR/USD,20090531 22:29:29.260,1.41383,1.41405
EUR/USD,20090531 22:29:43.286,1.41383,1.41404
EUR/USD,20090531 22:29:46.284,1.41383,1.41405
EUR/USD,20090531 22:29:48.787,1.41383,1.41404
EUR/USD,20090531 22:29:49.758,1.4138,1.41404
EUR/USD,20090531 22:29:49.759,1.41376,1.41404
EUR/USD,20090531 22:29:50.285,1.41378,1.41402
EUR/USD,20090531 22:29:52.980,1.41376,1.414
EUR/USD,20090531 22:30:00.289,1.41373,1.41393
EUR/USD,20090531 22:30:06.024,1.41373,1.41388
EUR/USD,20090531 22:30:06.158,1.41375,1.41388
EUR/USD,20090531 22:30:06.289,1.41366,1.41388
EUR/USD,20090531 22:30:08.287,1.41366,1.41388
EUR/USD,20090531 22:30:17.479,1.41367,1.41388
EUR/USD,20090531 22:30:17.513,1.41372,1.41388
EUR/USD,20090531 22:30:17.514,1.41367,1.41389
EUR/USD,20090531 22:30:17.519,1.41371,1.41389
EUR/USD,20090531 22:30:17.790,1.41373,1.41392
EUR/USD,20090531 22:30:18.306,1.41371,1.4139
EUR/USD,20090531 22:30:23.788,1.41365,1.41386
EUR/USD,20090531 22:30:37.258,1.41372,1.41386
EUR/USD,20090531 22:30:37.259,1.41359,1.41386
EUR/USD,20090531 22:30:37.266,1.41371,1.41386
EUR/USD,20090531 22:30:37.286,1.41371,1.4139
EUR/USD,20090531 22:30:37.788,1.41377,1.41396
EUR/USD,20090531 22:30:43.286,1.41374,1.41393
EUR/USD,20090531 22:30:44.518,1.41381,1.41393
EUR/USD,20090531 22:30:44.786,1.41381,1.41395
EUR/USD,20090531 22:30:46.758,1.41388,1.41395
EUR/USD,20090531 22:30:46.759,1.41381,1.41395
EUR/USD,20090531 22:30:47.288,1.41386,1.4141
EUR/USD,20090531 22:30:51.792,1.41383,1.41403
EUR/USD,20090531 22:30:58.012,1.41385,1.41403
EUR/USD,20090531 22:30:58.013,1.41388,1.41403
EUR/USD,20090531 22:30:58.028,1.41411,1.41419
EUR/USD,20090531 22:30:58.089,1.41388,1.4141
EUR/USD,20090531 22:30:58.095,1.41401,1.41419
EUR/USD,20090531 22:30:58.290,1.41408,1.41419
EUR/USD,20090531 22:31:03.275,1.41411,1.4142
EUR/USD,20090531 22:31:03.288,1.41428,1.41456
EUR/USD,20090531 22:31:05.258,1.41428,1.41443
EUR/USD,20090531 22:31:05.316,1.41428,1.4144
EUR/USD,20090531 22:31:05.788,1.41421,1.4144
EUR/USD,20090531 22:31:06.984,1.41421,1.4144
EUR/USD,20090531 22:31:07.014,1.41423,1.4144
EUR/USD,20090531 22:31:07.015,1.41416,1.4144
EUR/USD,20090531 22:31:07.028,1.41421,1.4144
EUR/USD,20090531 22:31:07.289,1.41427,1.41443
EUR/USD,20090531 22:31:07.786,1.41424,1.41443
EUR/USD,20090531 22:31:07.976,1.41424,1.41437
EUR/USD,20090531 22:31:08.289,1.41422,1.41437
EUR/USD,20090531 22:31:10.258,1.41423,1.41437
EUR/USD,20090531 22:31:10.260,1.41421,1.41437
EUR/USD,20090531 22:31:10.265,1.41421,1.41429
EUR/USD,20090531 22:31:10.773,1.41421,1.41429
EUR/USD,20090531 22:31:10.789,1.41411,1.41425
EUR/USD,20090531 22:31:15.537,1.41411,1.41419
EUR/USD,20090531 22:31:20.025,1.41411,1.41419
EUR/USD,20090531 22:31:20.288,1.41411,1.41424
EUR/USD,20090531 22:31:21.784,1.41411,1.41419
EUR/USD,20090531 22:31:23.269,1.41408,1.41419
EUR/USD,20090531 22:31:23.290,1.41403,1.41416
EUR/USD,20090531 22:31:23.320,1.41401,1.41416
EUR/USD,20090531 22:31:23.518,1.41401,1.41409
EUR/USD,20090531 22:31:24.525,1.41401,1.41411
EUR/USD,20090531 22:31:24.790,1.41401,1.41416
EUR/USD,20090531 22:31:25.289,1.41401,1.41415
EUR/USD,20090531 22:31:28.034,1.41401,1.41415
EUR/USD,20090531 22:31:28.293,1.41399,1.41403
EUR/USD,20090531 22:31:33.758,1.41382,1.41403
EUR/USD,20090531 22:31:33.789,1.41382,1.41405
EUR/USD,20090531 22:31:59.758,1.41382,1.41404
EUR/USD,20090531 22:32:00.290,1.41385,1.41404
EUR/USD,20090531 22:32:02.758,1.41388,1.41404
EUR/USD,20090531 22:32:25.015,1.41393,1.41409
EUR/USD,20090531 22:32:25.017,1.41386,1.41409
EUR/USD,20090531 22:32:25.021,1.41391,1.41409
EUR/USD,20090531 22:32:25.290,1.41394,1.41413
EUR/USD,20090531 22:32:30.258,1.41399,1.41413
EUR/USD,20090531 22:32:30.259,1.41394,1.41413
EUR/USD,20090531 22:32:30.261,1.41401,1.41413
EUR/USD,20090531 22:32:30.291,1.41401,1.41417
EUR/USD,20090531 22:32:38.293,1.41403,1.41419
EUR/USD,20090531 22:32:38.788,1.41401,1.41417
EUR/USD,20090531 22:32:39.777,1.41421,1.41429
EUR/USD,20090531 22:32:42.512,1.41421,1.41427
EUR/USD,20090531 22:32:42.524,1.41419,1.41427
EUR/USD,20090531 22:32:42.525,1.41419,1.41419
EUR/USD,20090531 22:32:42.796,1.41403,1.41419
EUR/USD,20090531 22:32:50.522,1.41403,1.41419
EUR/USD,20090531 22:32:50.523,1.41421,1.41429
EUR/USD,20090531 22:32:53.758,1.41423,1.41428
EUR/USD,20090531 22:32:55.012,1.41421,1.41429
EUR/USD,20090531 22:32:55.021,1.41421,1.41432
EUR/USD,20090531 22:32:55.290,1.41429,1.41444
EUR/USD,20090531 22:32:55.495,1.41429,1.41447
EUR/USD,20090531 22:33:00.531,1.41431,1.41447
EUR/USD,20090531 22:33:00.790,1.41434,1.41447
EUR/USD,20090531 22:33:10.025,1.41434,1.41449
EUR/USD,20090531 22:33:10.292,1.41451,1.41452
EUR/USD,20090531 22:33:11.791,1.41447,1.41452
EUR/USD,20090531 22:33:16.759,1.41447,1.41471
EUR/USD,20090531 22:33:16.772,1.41447,1.41469
EUR/USD,20090531 22:33:16.792,1.41442,1.41465
EUR/USD,20090531 22:33:17.015,1.41442,1.41458
EUR/USD,20090531 22:33:17.016,1.41442,1.41463
EUR/USD,20090531 22:33:17.292,1.41447,1.41463
EUR/USD,20090531 22:33:18.259,1.41447,1.41471
EUR/USD,20090531 22:33:18.268,1.41447,1.41469
EUR/USD,20090531 22:33:18.329,1.41447,1.41465
EUR/USD,20090531 22:33:18.456,1.41447,1.41464
EUR/USD,20090531 22:33:18.791,1.41436,1.41455
EUR/USD,20090531 22:33:19.510,1.41447,1.41455
EUR/USD,20090531 22:33:19.793,1.41452,1.41458
EUR/USD,20090531 22:33:25.513,1.41452,1.41464
EUR/USD,20090531 22:33:25.791,1.41449,1.41464
EUR/USD,20090531 22:33:33.267,1.41449,1.41459
EUR/USD,20090531 22:33:33.321,1.41449,1.41458
EUR/USD,20090531 22:33:33.792,1.41444,1.41458
EUR/USD,20090531 22:33:39.792,1.41439,1.41458
EUR/USD,20090531 22:33:39.809,1.41439,1.41458
EUR/USD,20090531 22:33:41.014,1.41439,1.41457
EUR/USD,20090531 22:33:41.022,1.41439,1.41454
EUR/USD,20090531 22:33:44.271,1.41439,1.41458
EUR/USD,20090531 22:33:44.295,1.41421,1.41449
EUR/USD,20090531 22:33:54.297,1.41418,1.41442
EUR/USD,20090531 22:33:58.791,1.41414,1.41438
EUR/USD,20090531 22:34:05.290,1.41414,1.41437
EUR/USD,20090531 22:34:05.791,1.41415,1.41435
EUR/USD,20090531 22:34:12.771,1.41415,1.41429
EUR/USD,20090531 22:34:12.792,1.41412,1.41428
EUR/USD,20090531 22:34:17.259,1.41414,1.41428
EUR/USD,20090531 22:34:17.260,1.41412,1.41428
EUR/USD,20090531 22:34:17.294,1.41415,1.41432
EUR/USD,20090531 22:34:17.314,1.41415,1.41435
EUR/USD,20090531 22:34:25.799,1.41414,1.41423
EUR/USD,20090531 22:34:25.977,1.41385,1.41411
EUR/USD,20090531 22:34:26.033,1.41385,1.41399
EUR/USD,20090531 22:34:26.298,1.41363,1.41389
EUR/USD,20090531 22:34:26.316,1.41362,1.41389
EUR/USD,20090531 22:34:28.012,1.41367,1.41389
EUR/USD,20090531 22:34:28.296,1.41385,1.41423
EUR/USD,20090531 22:34:40.772,1.41385,1.41419
EUR/USD,20090531 22:34:41.022,1.41385,1.41407
EUR/USD,20090531 22:34:43.294,1.41368,1.41403
EUR/USD,20090531 22:34:45.323,1.41368,1.41386
EUR/USD,20090531 22:34:45.797,1.41355,1.41375
EUR/USD,20090531 22:34:52.794,1.41358,1.41378
EUR/USD,20090531 22:34:59.277,1.41355,1.41375
EUR/USD,20090531 22:34:59.515,1.41351,1.41353
EUR/USD,20090531 22:34:59.529,1.41343,1.41353
EUR/USD,20090531 22:34:59.782,1.41343,1.41351
EUR/USD,20090531 22:35:03.513,1.41353,1.41359
EUR/USD,20090531 22:35:03.635,1.41353,1.41395
EUR/USD,20090531 22:35:03.759,1.41358,1.41395
EUR/USD,20090531 22:35:03.760,1.41371,1.41393
EUR/USD,20090531 22:35:03.780,1.41375,1.41393
EUR/USD,20090531 22:35:04.410,1.41372,1.41393
EUR/USD,20090531 22:35:06.758,1.41372,1.41398
EUR/USD,20090531 22:35:06.778,1.41364,1.41391
EUR/USD,20090531 22:35:06.804,1.41364,1.41387
EUR/USD,20090531 22:35:07.259,1.41364,1.41386
EUR/USD,20090531 22:35:07.271,1.41364,1.41379
EUR/USD,20090531 22:35:07.279,1.41356,1.41373
EUR/USD,20090531 22:35:09.385,1.41354,1.41373
EUR/USD,20090531 22:35:14.283,1.41357,1.41375
EUR/USD,20090531 22:35:14.501,1.41357,1.41376
EUR/USD,20090531 22:35:21.965,1.41358,1.41376
EUR/USD,20090531 22:35:24.778,1.41355,1.41373
EUR/USD,20090531 22:35:26.279,1.41364,1.41387
EUR/USD,20090531 22:35:26.333,1.41364,1.41391
EUR/USD,20090531 22:35:32.375,1.41369,1.41396
EUR/USD,20090531 22:35:33.734,1.41366,1.41393
EUR/USD,20090531 22:35:34.016,1.41366,1.41385
EUR/USD,20090531 22:35:34.017,1.41366,1.41393
EUR/USD,20090531 22:35:34.024,1.41366,1.41379
EUR/USD,20090531 22:35:34.290,1.41359,1.41377
EUR/USD,20090531 22:35:38.012,1.41363,1.41377
EUR/USD,20090531 22:35:38.263,1.41377,1.41377
EUR/USD,20090531 22:35:38.264,1.41359,1.41377
EUR/USD,20090531 22:35:38.271,1.41381,1.41399
EUR/USD,20090531 22:35:38.284,1.41383,1.41399
EUR/USD,20090531 22:35:38.330,1.41383,1.41397
EUR/USD,20090531 22:35:38.462,1.41383,1.41398
EUR/USD,20090531 22:35:38.822,1.41383,1.41399
EUR/USD,20090531 22:35:40.282,1.41364,1.41391
EUR/USD,20090531 22:35:42.016,1.41369,1.41388
EUR/USD,20090531 22:35:48.258,1.41366,1.4139
EUR/USD,20090531 22:35:48.784,1.41364,1.41391
EUR/USD,20090531 22:36:06.760,1.41364,1.41387
EUR/USD,20090531 22:36:06.761,1.41364,1.41391
EUR/USD,20090531 22:36:06.774,1.41364,1.41389
EUR/USD,20090531 22:36:06.786,1.41361,1.41384
EUR/USD,20090531 22:36:08.272,1.41361,1.41382
EUR/USD,20090531 22:36:16.386,1.41361,1.41384
EUR/USD,20090531 22:36:32.511,1.41363,1.41382
EUR/USD,20090531 22:36:32.512,1.41363,1.41384
EUR/USD,20090531 22:36:32.973,1.41363,1.41383
EUR/USD,20090531 22:36:33.015,1.41361,1.41383
EUR/USD,20090531 22:36:36.282,1.41364,1.41383
EUR/USD,20090531 22:36:36.303,1.41364,1.41384
EUR/USD,20090531 22:36:36.781,1.41361,1.4138
EUR/USD,20090531 22:36:52.288,1.41364,1.41383
EUR/USD,20090531 22:36:56.784,1.41361,1.4138
EUR/USD,20090531 22:36:59.782,1.41364,1.41383
EUR/USD,20090531 22:37:02.006,1.41364,1.41384
EUR/USD,20090531 22:37:16.759,1.41364,1.41381
EUR/USD,20090531 22:37:16.761,1.41364,1.41384
EUR/USD,20090531 22:37:17.289,1.41361,1.41384
EUR/USD,20090531 22:37:17.605,1.41359,1.41382
EUR/USD,20090531 22:37:17.792,1.41359,1.41379
EUR/USD,20090531 22:37:17.844,1.41359,1.41378
EUR/USD,20090531 22:37:18.289,1.41356,1.41375
EUR/USD,20090531 22:37:18.761,1.41356,1.41371
EUR/USD,20090531 22:37:18.772,1.41356,1.41369
EUR/USD,20090531 22:37:18.783,1.41359,1.41369
EUR/USD,20090531 22:37:19.283,1.41352,1.41368
EUR/USD,20090531 22:37:20.762,1.41358,1.41368
EUR/USD,20090531 22:37:20.995,1.41358,1.41367
EUR/USD,20090531 22:37:21.027,1.41353,1.41367
EUR/USD,20090531 22:37:21.032,1.41352,1.41367
EUR/USD,20090531 22:37:21.040,1.41352,1.41359
EUR/USD,20090531 22:37:21.177,1.41354,1.41359
EUR/USD,20090531 22:37:21.276,1.41354,1.41368
EUR/USD,20090531 22:37:21.285,1.41362,1.41368
EUR/USD,20090531 22:37:21.331,1.41362,1.41382
EUR/USD,20090531 22:37:21.484,1.41362,1.41374
EUR/USD,20090531 22:37:21.537,1.41362,1.41369
EUR/USD,20090531 22:37:21.784,1.41354,1.41369
EUR/USD,20090531 22:37:23.519,1.41361,1.41369
EUR/USD,20090531 22:37:23.532,1.41361,1.4137
EUR/USD,20090531 22:37:23.786,1.41366,1.41372
EUR/USD,20090531 22:37:24.014,1.41366,1.41393
EUR/USD,20090531 22:37:24.015,1.41366,1.41386
EUR/USD,20090531 22:37:24.024,1.41366,1.41373
EUR/USD,20090531 22:37:24.036,1.41366,1.41369
EUR/USD,20090531 22:37:24.285,1.41354,1.41369
EUR/USD,20090531 22:37:24.761,1.41357,1.41369
EUR/USD,20090531 22:37:24.762,1.41357,1.41367
EUR/USD,20090531 22:37:24.773,1.41361,1.41367
EUR/USD,20090531 22:37:25.537,1.41359,1.41367
EUR/USD,20090531 22:37:25.784,1.41354,1.41367
EUR/USD,20090531 22:37:27.258,1.41357,1.41369
EUR/USD,20090531 22:37:27.271,1.41361,1.41369
EUR/USD,20090531 22:37:30.260,1.41361,1.41367
EUR/USD,20090531 22:37:30.275,1.41359,1.41367
EUR/USD,20090531 22:37:30.290,1.41355,1.41367
EUR/USD,20090531 22:37:30.308,1.41354,1.41367
EUR/USD,20090531 22:37:30.762,1.41357,1.41369
EUR/USD,20090531 22:37:30.771,1.41361,1.41369
EUR/USD,20090531 22:37:31.759,1.41361,1.41367
EUR/USD,20090531 22:37:31.776,1.41359,1.41367
EUR/USD,20090531 22:37:31.786,1.41354,1.41367
EUR/USD,20090531 22:37:34.261,1.41354,1.41369
EUR/USD,20090531 22:37:34.262,1.41354,1.41367
EUR/USD,20090531 22:37:34.263,1.41354,1.41369
EUR/USD,20090531 22:37:34.284,1.4135,1.41367
EUR/USD,20090531 22:37:34.330,1.41348,1.41367
EUR/USD,20090531 22:37:36.767,1.41348,1.41359
EUR/USD,20090531 22:37:36.782,1.41344,1.41359
EUR/USD,20090531 22:37:39.535,1.41344,1.41359
EUR/USD,20090531 22:37:39.783,1.41348,1.41361
EUR/USD,20090531 22:37:41.259,1.41349,1.41365
EUR/USD,20090531 22:37:41.261,1.41348,1.41367
EUR/USD,20090531 22:37:41.276,1.41351,1.41367
EUR/USD,20090531 22:37:41.284,1.41352,1.41367
EUR/USD,20090531 22:37:41.321,1.41352,1.41368
EUR/USD,20090531 22:38:00.465,1.41352,1.41368
EUR/USD,20090531 22:38:11.785,1.41376,1.41383
EUR/USD,20090531 22:38:11.824,1.41351,1.41368
EUR/USD,20090531 22:38:11.825,1.41351,1.41371
EUR/USD,20090531 22:38:12.284,1.41352,1.41368
EUR/USD,20090531 22:38:48.795,1.41376,1.41383
EUR/USD,20090531 22:38:54.991,1.4137,1.41383
EUR/USD,20090531 22:38:55.023,1.4137,1.41392
EUR/USD,20090531 22:38:55.024,1.4137,1.41396
EUR/USD,20090531 22:38:55.025,1.4137,1.41379
EUR/USD,20090531 22:38:55.288,1.41361,1.41379
EUR/USD,20090531 22:38:56.021,1.41357,1.41385
EUR/USD,20090531 22:38:56.022,1.41357,1.41383
EUR/USD,20090531 22:38:56.023,1.41357,1.41376
EUR/USD,20090531 22:38:56.289,1.41354,1.41372
EUR/USD,20090531 22:38:57.015,1.41352,1.41372
EUR/USD,20090531 22:38:57.037,1.41352,1.41369
EUR/USD,20090531 22:38:57.291,1.41351,1.41366
EUR/USD,20090531 22:38:57.306,1.41352,1.41366
EUR/USD,20090531 22:38:58.020,1.41361,1.41366
EUR/USD,20090531 22:38:58.238,1.41361,1.41368
EUR/USD,20090531 22:38:58.309,1.41361,1.41371
EUR/USD,20090531 22:39:10.758,1.41356,1.41384
EUR/USD,20090531 22:39:10.759,1.41356,1.41383
EUR/USD,20090531 22:39:10.760,1.41356,1.41384
EUR/USD,20090531 22:39:12.043,1.41356,1.41383
EUR/USD,20090531 22:39:32.782,1.41367,1.41383
EUR/USD,20090531 22:39:41.021,1.41356,1.41383
EUR/USD,20090531 22:39:41.029,1.41356,1.41379
EUR/USD,20090531 22:39:41.273,1.41355,1.41375
EUR/USD,20090531 22:39:44.270,1.41352,1.41375
EUR/USD,20090531 22:40:38.774,1.41352,1.41372
EUR/USD,20090531 22:40:38.775,1.41352,1.41375
EUR/USD,20090531 22:41:00.238,1.41354,1.41377
EUR/USD,20090531 22:41:09.051,1.41352,1.41375
EUR/USD,20090531 22:41:16.060,1.41351,1.41374
EUR/USD,20090531 22:41:33.785,1.41351,1.41372
EUR/USD,20090531 22:41:33.787,1.41351,1.41374
EUR/USD,20090531 22:42:28.796,1.41351,1.41372
EUR/USD,20090531 22:42:28.797,1.41351,1.41374
EUR/USD,20090531 22:43:23.806,1.41351,1.41372
EUR/USD,20090531 22:43:23.808,1.41351,1.41374
EUR/USD,20090531 22:43:45.846,1.41349,1.41372
EUR/USD,20090531 22:43:46.017,1.41349,1.41369
EUR/USD,20090531 22:43:46.070,1.41349,1.41368
EUR/USD,20090531 22:43:46.277,1.41346,1.41365
EUR/USD,20090531 22:43:54.762,1.41346,1.41364
EUR/USD,20090531 22:43:54.767,1.41346,1.41365
EUR/USD,20090531 22:43:54.776,1.41342,1.41357
EUR/USD,20090531 22:44:04.778,1.41334,1.41352
EUR/USD,20090531 22:44:05.012,1.41333,1.41352
EUR/USD,20090531 22:44:05.038,1.41337,1.41352
EUR/USD,20090531 22:44:05.257,1.41332,1.41352
EUR/USD,20090531 22:44:05.275,1.41332,1.41349
EUR/USD,20090531 22:44:05.275,1.41331,1.41346
EUR/USD,20090531 22:44:06.014,1.41333,1.41346
EUR/USD,20090531 22:44:06.262,1.41331,1.41346
EUR/USD,20090531 22:44:06.276,1.41331,1.41339
EUR/USD,20090531 22:44:14.766,1.41327,1.41339
EUR/USD,20090531 22:44:14.784,1.41325,1.41332
EUR/USD,20090531 22:44:14.810,1.41311,1.41332
EUR/USD,20090531 22:44:14.962,1.4131,1.41332
EUR/USD,20090531 22:44:15.021,1.4131,1.41322
EUR/USD,20090531 22:44:15.045,1.4131,1.41319
EUR/USD,20090531 22:44:15.279,1.41303,1.41317
EUR/USD,20090531 22:44:18.509,1.41306,1.41317
EUR/USD,20090531 22:44:18.510,1.41303,1.41317
EUR/USD,20090531 22:44:18.567,1.41305,1.41317
EUR/USD,20090531 22:44:18.761,1.41316,1.41317
EUR/USD,20090531 22:44:18.766,1.41321,1.41328
EUR/USD,20090531 22:44:18.782,1.41323,1.41328
EUR/USD,20090531 22:44:19.004,1.41325,1.41328
EUR/USD,20090531 22:44:19.008,1.41327,1.41328
EUR/USD,20090531 22:44:19.017,1.41327,1.41336
EUR/USD,20090531 22:44:19.019,1.41333,1.41336
EUR/USD,20090531 22:44:19.084,1.41333,1.41338
EUR/USD,20090531 22:44:19.264,1.41331,1.41339
EUR/USD,20090531 22:44:19.276,1.41327,1.41341
EUR/USD,20090531 22:44:19.287,1.41331,1.41342
EUR/USD,20090531 22:44:19.332,1.41331,1.41343
EUR/USD,20090531 22:44:19.489,1.41331,1.41343
EUR/USD,20090531 22:44:19.515,1.41331,1.41345
EUR/USD,20090531 22:44:19.517,1.41331,1.41346
EUR/USD,20090531 22:44:19.594,1.41331,1.41344
EUR/USD,20090531 22:44:19.788,1.41321,1.41344
EUR/USD,20090531 22:44:19.848,1.41321,1.41347
EUR/USD,20090531 22:44:19.996,1.41317,1.41343
EUR/USD,20090531 22:44:20.016,1.41336,1.41338
EUR/USD,20090531 22:44:20.017,1.41336,1.41343
EUR/USD,20090531 22:44:20.018,1.41317,1.41343
EUR/USD,20090531 22:44:20.029,1.41341,1.41343
EUR/USD,20090531 22:44:20.280,1.41329,1.41343
EUR/USD,20090531 22:44:20.325,1.41317,1.41343
EUR/USD,20090531 22:44:27.012,1.41323,1.41338
EUR/USD,20090531 22:44:27.014,1.41317,1.41343
EUR/USD,20090531 22:44:27.027,1.41321,1.41343
EUR/USD,20090531 22:44:27.278,1.41325,1.41344
EUR/USD,20090531 22:44:39.798,1.41325,1.41343
EUR/USD,20090531 22:45:34.258,1.41325,1.41338
EUR/USD,20090531 22:45:34.297,1.41317,1.41338
EUR/USD,20090531 22:46:18.260,1.41317,1.41343
EUR/USD,20090531 22:46:18.261,1.41317,1.41336
EUR/USD,20090531 22:46:18.514,1.41317,1.41339
EUR/USD,20090531 22:46:18.515,1.4132,1.41336
EUR/USD,20090531 22:46:33.758,1.41317,1.41339
EUR/USD,20090531 22:46:33.768,1.41317,1.41343
EUR/USD,20090531 22:46:33.808,1.41317,1.41335
EUR/USD,20090531 22:46:34.300,1.41304,1.41335
EUR/USD,20090531 22:46:37.830,1.41315,1.41333
EUR/USD,20090531 22:46:37.831,1.41315,1.41329
EUR/USD,20090531 22:46:38.697,1.41306,1.41335
EUR/USD,20090531 22:46:43.198,1.41306,1.41334
EUR/USD,20090531 22:46:44.011,1.41302,1.41334
EUR/USD,20090531 22:46:44.012,1.41302,1.41318
EUR/USD,20090531 22:46:44.012,1.41302,1.41311
EUR/USD,20090531 22:46:44.299,1.41297,1.4131
EUR/USD,20090531 22:46:45.260,1.41291,1.4131
EUR/USD,20090531 22:46:48.017,1.41291,1.4131
EUR/USD,20090531 22:46:48.034,1.41291,1.41299
EUR/USD,20090531 22:46:48.305,1.41291,1.41298
EUR/USD,20090531 22:46:49.015,1.41292,1.41297
EUR/USD,20090531 22:46:51.252,1.41295,1.41306
EUR/USD,20090531 22:46:51.253,1.41291,1.41306
EUR/USD,20090531 22:46:53.015,1.41292,1.41306
EUR/USD,20090531 22:46:53.020,1.41291,1.41306
EUR/USD,20090531 22:46:53.045,1.41291,1.41299
EUR/USD,20090531 22:46:53.310,1.41291,1.41298
EUR/USD,20090531 22:46:55.026,1.41287,1.41298
EUR/USD,20090531 22:46:55.117,1.41286,1.41298
EUR/USD,20090531 22:46:55.262,1.41286,1.41295
EUR/USD,20090531 22:46:55.297,1.41286,1.41292
EUR/USD,20090531 22:46:55.799,1.41286,1.41295
EUR/USD,20090531 22:46:56.261,1.41276,1.41298
EUR/USD,20090531 22:46:56.262,1.41275,1.41298
EUR/USD,20090531 22:46:56.285,1.41275,1.41289
EUR/USD,20090531 22:46:56.331,1.41274,1.41289
EUR/USD,20090531 22:46:56.804,1.41274,1.41286
EUR/USD,20090531 22:46:57.098,1.41275,1.41286
EUR/USD,20090531 22:46:57.270,1.41273,1.41286
EUR/USD,20090531 22:46:57.305,1.41273,1.41299
EUR/USD,20090531 22:46:57.480,1.41273,1.41299
EUR/USD,20090531 22:46:58.011,1.41273,1.41295
EUR/USD,20090531 22:46:58.020,1.41273,1.41289
EUR/USD,20090531 22:46:58.301,1.41271,1.41285
EUR/USD,20090531 22:46:58.512,1.41281,1.41285
EUR/USD,20090531 22:46:58.513,1.41272,1.41285
EUR/USD,20090531 22:46:58.762,1.41286,1.41295
EUR/USD,20090531 22:46:58.764,1.41277,1.41304
EUR/USD,20090531 22:46:59.014,1.41277,1.413
EUR/USD,20090531 22:46:59.015,1.41277,1.41307
EUR/USD,20090531 22:46:59.027,1.41277,1.41299
EUR/USD,20090531 22:46:59.261,1.41286,1.4129
EUR/USD,20090531 22:46:59.263,1.41277,1.41299
EUR/USD,20090531 22:47:01.764,1.41279,1.41299
EUR/USD,20090531 22:47:04.119,1.41281,1.41299
EUR/USD,20090531 22:47:04.986,1.41279,1.41299
EUR/USD,20090531 22:47:05.743,1.41283,1.41299
EUR/USD,20090531 22:47:05.989,1.41286,1.41299
EUR/USD,20090531 22:47:06.015,1.41286,1.41316
EUR/USD,20090531 22:47:06.016,1.41301,1.41316
EUR/USD,20090531 22:47:06.304,1.41302,1.41318
EUR/USD,20090531 22:47:08.511,1.41302,1.41314
EUR/USD,20090531 22:47:08.512,1.41302,1.41318
EUR/USD,20090531 22:47:08.802,1.41286,1.41316
EUR/USD,20090531 22:47:08.857,1.41281,1.41311
EUR/USD,20090531 22:47:11.757,1.41282,1.41309
EUR/USD,20090531 22:47:11.797,1.41282,1.41304
EUR/USD,20090531 22:47:16.257,1.41286,1.41304
EUR/USD,20090531 22:47:16.258,1.41277,1.41304
EUR/USD,20090531 22:47:16.771,1.41281,1.41311
EUR/USD,20090531 22:47:19.760,1.41281,1.413
EUR/USD,20090531 22:47:19.761,1.41281,1.41309
EUR/USD,20090531 22:47:19.765,1.41281,1.41299
EUR/USD,20090531 22:47:20.271,1.41273,1.41296
EUR/USD,20090531 22:47:22.765,1.41275,1.41295
EUR/USD,20090531 22:47:25.326,1.41273,1.41293
EUR/USD,20090531 22:47:25.510,1.41276,1.41293
EUR/USD,20090531 22:47:25.767,1.41276,1.41301
EUR/USD,20090531 22:47:27.967,1.41276,1.41299
EUR/USD,20090531 22:47:28.013,1.41278,1.41299
EUR/USD,20090531 22:47:28.014,1.41278,1.41292
EUR/USD,20090531 22:47:30.665,1.4128,1.41292
EUR/USD,20090531 22:47:34.261,1.41271,1.41273
EUR/USD,20090531 22:47:34.266,1.41271,1.41273
EUR/USD,20090531 22:47:34.283,1.41263,1.41269
EUR/USD,20090531 22:47:36.758,1.4127,1.41273
EUR/USD,20090531 22:47:37.017,1.41286,1.41302
EUR/USD,20090531 22:47:37.030,1.41291,1.41302
EUR/USD,20090531 22:47:37.302,1.41295,1.41302
EUR/USD,20090531 22:47:38.260,1.41301,1.41309
EUR/USD,20090531 22:47:38.261,1.41295,1.41311
EUR/USD,20090531 22:47:38.274,1.41301,1.41311
EUR/USD,20090531 22:47:38.300,1.41302,1.41311
EUR/USD,20090531 22:47:38.333,1.41302,1.41315
EUR/USD,20090531 22:47:39.254,1.41301,1.41315
EUR/USD,20090531 22:47:39.280,1.413,1.41315
EUR/USD,20090531 22:47:39.341,1.413,1.41306
EUR/USD,20090531 22:47:39.541,1.413,1.41308
EUR/USD,20090531 22:47:39.806,1.41286,1.41308
EUR/USD,20090531 22:47:40.479,1.41286,1.41298
EUR/USD,20090531 22:47:40.511,1.41279,1.41298
EUR/USD,20090531 22:47:40.769,1.41274,1.41296
EUR/USD,20090531 22:47:44.332,1.41274,1.41295
EUR/USD,20090531 22:47:45.758,1.41273,1.41288
EUR/USD,20090531 22:47:45.759,1.41273,1.41278
EUR/USD,20090531 22:47:45.760,1.41273,1.41287
EUR/USD,20090531 22:47:45.803,1.41264,1.41279
EUR/USD,20090531 22:47:46.262,1.41273,1.41278
EUR/USD,20090531 22:47:46.991,1.41275,1.41278
EUR/USD,20090531 22:47:50.259,1.41275,1.41296
EUR/USD,20090531 22:47:50.271,1.41274,1.41293
EUR/USD,20090531 22:47:52.774,1.41277,1.41296
EUR/USD,20090531 22:47:53.765,1.41277,1.41288
EUR/USD,20090531 22:47:53.767,1.41277,1.41296
EUR/USD,20090531 22:47:53.785,1.41261,1.41269
EUR/USD,20090531 22:48:04.509,1.41272,1.41273
EUR/USD,20090531 22:48:04.511,1.41263,1.41273
EUR/USD,20090531 22:48:04.802,1.41271,1.41278
EUR/USD,20090531 22:48:05.195,1.41271,1.41286
EUR/USD,20090531 22:48:05.302,1.4127,1.41286
EUR/USD,20090531 22:48:05.760,1.41264,1.4129
EUR/USD,20090531 22:48:05.772,1.41264,1.41289
EUR/USD,20090531 22:48:05.797,1.41264,1.41286
EUR/USD,20090531 22:48:06.758,1.41264,1.41278
EUR/USD,20090531 22:48:06.759,1.41264,1.41286
EUR/USD,20090531 22:48:06.760,1.41264,1.41282
EUR/USD,20090531 22:48:06.771,1.41264,1.41279
EUR/USD,20090531 22:48:06.771,1.4126,1.41279
EUR/USD,20090531 22:48:07.504,1.4126,1.41273
EUR/USD,20090531 22:48:22.245,1.41261,1.41273
EUR/USD,20090531 22:48:22.260,1.41261,1.41276
EUR/USD,20090531 22:48:22.261,1.41261,1.41273
EUR/USD,20090531 22:48:22.269,1.41262,1.41273
EUR/USD,20090531 22:48:24.260,1.41267,1.41275
EUR/USD,20090531 22:48:24.261,1.41267,1.41276
EUR/USD,20090531 22:48:24.276,1.41271,1.41276
EUR/USD,20090531 22:48:24.372,1.41271,1.41277
EUR/USD,20090531 22:48:24.514,1.41271,1.41277
EUR/USD,20090531 22:48:24.537,1.41258,1.41277
EUR/USD,20090531 22:48:24.573,1.4126,1.41277
EUR/USD,20090531 22:48:24.677,1.4126,1.41275
EUR/USD,20090531 22:48:24.716,1.41256,1.41275
EUR/USD,20090531 22:48:25.269,1.41253,1.41272
EUR/USD,20090531 22:48:26.012,1.41254,1.41272
EUR/USD,20090531 22:48:26.015,1.41253,1.41272
EUR/USD,20090531 22:48:26.016,1.41253,1.41269
EUR/USD,20090531 22:48:26.272,1.41252,1.41267
EUR/USD,20090531 22:48:26.774,1.41252,1.41265
EUR/USD,20090531 22:48:26.824,1.41251,1.41265
EUR/USD,20090531 22:48:27.257,1.41252,1.41265
EUR/USD,20090531 22:48:27.258,1.41252,1.41262
EUR/USD,20090531 22:48:27.259,1.41251,1.41265
EUR/USD,20090531 22:48:27.264,1.41251,1.41259
EUR/USD,20090531 22:48:27.528,1.41245,1.41249
EUR/USD,20090531 22:48:27.582,1.41234,1.41249
EUR/USD,20090531 22:48:27.801,1.41234,1.41243
EUR/USD,20090531 22:48:27.807,1.41233,1.41243
EUR/USD,20090531 22:48:27.956,1.41232,1.41243
EUR/USD,20090531 22:48:28.265,1.41232,1.41239
EUR/USD,20090531 22:48:28.339,1.41232,1.41239
EUR/USD,20090531 22:48:36.512,1.41233,1.41239
EUR/USD,20090531 22:48:36.514,1.41231,1.41239
EUR/USD,20090531 22:48:36.528,1.41231,1.4124
EUR/USD,20090531 22:48:36.770,1.41232,1.41253
EUR/USD,20090531 22:48:37.014,1.41233,1.41247
EUR/USD,20090531 22:48:37.021,1.41237,1.41247
EUR/USD,20090531 22:48:37.261,1.41245,1.41247
EUR/USD,20090531 22:48:37.262,1.41237,1.41249
EUR/USD,20090531 22:48:37.265,1.41237,1.41252
EUR/USD,20090531 22:48:37.265,1.41239,1.41252
EUR/USD,20090531 22:48:37.338,1.41239,1.41266
EUR/USD,20090531 22:48:37.759,1.4124,1.41259
EUR/USD,20090531 22:48:37.760,1.41239,1.41266
EUR/USD,20090531 22:48:37.775,1.41231,1.41262
EUR/USD,20090531 22:48:38.758,1.41227,1.41262
EUR/USD,20090531 22:48:39.505,1.4123,1.41259
EUR/USD,20090531 22:48:41.511,1.41236,1.41262
EUR/USD,20090531 22:48:41.512,1.41245,1.41253
EUR/USD,20090531 22:48:41.513,1.41245,1.41259
EUR/USD,20090531 22:48:44.011,1.4125,1.41259
EUR/USD,20090531 22:48:44.012,1.41241,1.41266
EUR/USD,20090531 22:48:44.268,1.41246,1.41273
EUR/USD,20090531 22:48:45.487,1.41246,1.41258
EUR/USD,20090531 22:48:45.769,1.41234,1.41253
EUR/USD,20090531 22:48:47.011,1.41234,1.41252
EUR/USD,20090531 22:48:47.269,1.41226,1.41252
EUR/USD,20090531 22:48:53.762,1.41233,1.41249
EUR/USD,20090531 22:48:53.763,1.41226,1.41253
EUR/USD,20090531 22:48:53.791,1.41242,1.41256
EUR/USD,20090531 22:48:53.953,1.41242,1.41255
EUR/USD,20090531 22:48:56.973,1.41242,1.41256
EUR/USD,20090531 22:48:57.271,1.4125,1.41256
EUR/USD,20090531 22:48:57.345,1.4125,1.41257
EUR/USD,20090531 22:48:57.764,1.4125,1.41259
EUR/USD,20090531 22:48:57.771,1.41239,1.41254
EUR/USD,20090531 22:48:57.786,1.41239,1.4125
EUR/USD,20090531 22:48:57.838,1.41226,1.4125
EUR/USD,20090531 22:48:59.258,1.41222,1.4124
EUR/USD,20090531 22:48:59.772,1.41221,1.4124
EUR/USD,20090531 22:49:00.757,1.41221,1.41243
EUR/USD,20090531 22:49:00.759,1.41227,1.41243
EUR/USD,20090531 22:49:00.766,1.41231,1.41243
EUR/USD,20090531 22:49:00.771,1.41234,1.41244
EUR/USD,20090531 22:49:01.258,1.41234,1.41249
EUR/USD,20090531 22:49:04.495,1.41235,1.41249
EUR/USD,20090531 22:49:04.515,1.41241,1.41249
EUR/USD,20090531 22:49:04.515,1.41241,1.41245
EUR/USD,20090531 22:49:05.156,1.41242,1.41245
EUR/USD,20090531 22:49:10.758,1.41242,1.41247
EUR/USD,20090531 22:49:10.769,1.41246,1.41247
EUR/USD,20090531 22:49:11.015,1.41246,1.4126
EUR/USD,20090531 22:49:11.018,1.41252,1.4126
EUR/USD,20090531 22:49:11.269,1.41252,1.4126
EUR/USD,20090531 22:49:20.758,1.41257,1.41258
EUR/USD,20090531 22:49:20.772,1.41262,1.41262
EUR/USD,20090531 22:49:20.772,1.41262,1.41264
EUR/USD,20090531 22:49:20.829,1.41262,1.41273
EUR/USD,20090531 22:49:21.065,1.41262,1.41275
EUR/USD,20090531 22:49:23.012,1.41262,1.41271
EUR/USD,20090531 22:49:23.024,1.4126,1.41271
EUR/USD,20090531 22:49:23.072,1.4126,1.41268
EUR/USD,20090531 22:49:23.270,1.41257,1.41268
EUR/USD,20090531 22:49:26.758,1.41257,1.41267
EUR/USD,20090531 22:49:26.766,1.41254,1.4126
EUR/USD,20090531 22:49:26.770,1.41252,1.4126
EUR/USD,20090531 22:49:34.760,1.41252,1.41257
EUR/USD,20090531 22:49:34.768,1.4125,1.41257
EUR/USD,20090531 22:49:34.779,1.41247,1.41257
EUR/USD,20090531 22:49:35.259,1.41247,1.41259
EUR/USD,20090531 22:49:35.260,1.41247,1.41259
EUR/USD,20090531 22:49:35.276,1.4125,1.41259
EUR/USD,20090531 22:49:35.356,1.4125,1.41265
EUR/USD,20090531 22:49:36.005,1.4125,1.41259
EUR/USD,20090531 22:49:44.769,1.41247,1.41259
EUR/USD,20090531 22:50:03.770,1.41252,1.41259
EUR/USD,20090531 22:50:30.271,1.41252,1.41264
EUR/USD,20090531 22:50:31.016,1.41252,1.41261
EUR/USD,20090531 22:50:49.758,1.41252,1.41262
EUR/USD,20090531 22:50:49.762,1.41257,1.41262
EUR/USD,20090531 22:50:49.834,1.41257,1.41264
EUR/USD,20090531 22:51:03.511,1.41257,1.41263
EUR/USD,20090531 22:51:03.522,1.41253,1.41263
EUR/USD,20090531 22:51:03.575,1.41253,1.41261
EUR/USD,20090531 22:51:03.789,1.4125,1.41261
EUR/USD,20090531 22:51:03.800,1.4125,1.41263
EUR/USD,20090531 22:51:12.003,1.4125,1.41263
EUR/USD,20090531 22:51:31.289,1.41245,1.41263
EUR/USD,20090531 22:51:31.327,1.41245,1.41262
EUR/USD,20090531 22:51:31.437,1.41245,1.41263
EUR/USD,20090531 22:51:40.489,1.41245,1.41254
EUR/USD,20090531 22:51:40.509,1.41244,1.41254
EUR/USD,20090531 22:51:40.793,1.41235,1.41251
EUR/USD,20090531 22:52:13.520,1.41235,1.41249
EUR/USD,20090531 22:52:15.258,1.41235,1.41244
EUR/USD,20090531 22:52:15.259,1.41235,1.41249
EUR/USD,20090531 22:52:15.798,1.41208,1.41242
EUR/USD,20090531 22:52:16.511,1.41208,1.41231
EUR/USD,20090531 22:52:16.512,1.4121,1.41222
EUR/USD,20090531 22:52:17.758,1.4122,1.41224
EUR/USD,20090531 22:52:17.759,1.41211,1.41232
EUR/USD,20090531 22:52:18.290,1.41213,1.4124
EUR/USD,20090531 22:52:21.760,1.41215,1.41229
EUR/USD,20090531 22:52:21.789,1.41219,1.41229
EUR/USD,20090531 22:52:23.511,1.41219,1.41238
EUR/USD,20090531 22:52:23.512,1.41219,1.41243
EUR/USD,20090531 22:52:23.793,1.41213,1.4124
EUR/USD,20090531 22:52:26.758,1.41213,1.41234
EUR/USD,20090531 22:52:26.759,1.41213,1.41226
EUR/USD,20090531 22:52:26.793,1.41212,1.41226
EUR/USD,20090531 22:52:29.259,1.4121,1.41229
EUR/USD,20090531 22:52:29.266,1.41217,1.41229
EUR/USD,20090531 22:52:29.291,1.41217,1.41234
EUR/USD,20090531 22:52:29.318,1.41217,1.41235
EUR/USD,20090531 22:52:29.514,1.41222,1.41231
EUR/USD,20090531 22:52:29.516,1.41217,1.41237
EUR/USD,20090531 22:52:29.520,1.41222,1.41237
EUR/USD,20090531 22:52:29.799,1.41222,1.41239
EUR/USD,20090531 22:52:34.514,1.41225,1.41236
EUR/USD,20090531 22:52:34.530,1.41232,1.41236
EUR/USD,20090531 22:52:34.762,1.41227,1.41236
EUR/USD,20090531 22:52:35.259,1.41227,1.41245
EUR/USD,20090531 22:52:39.509,1.41227,1.41237
EUR/USD,20090531 22:52:39.510,1.41227,1.41245
EUR/USD,20090531 22:52:39.546,1.41224,1.41245
EUR/USD,20090531 22:52:39.566,1.41224,1.41246
EUR/USD,20090531 22:52:39.796,1.41222,1.41246
EUR/USD,20090531 22:52:45.799,1.41222,1.41245
EUR/USD,20090531 22:52:51.306,1.41222,1.41244
EUR/USD,20090531 22:52:52.507,1.41222,1.41243
EUR/USD,20090531 22:53:14.013,1.41222,1.41232
EUR/USD,20090531 22:53:14.024,1.41227,1.41232
EUR/USD,20090531 22:53:37.257,1.41227,1.41234
EUR/USD,20090531 22:53:37.258,1.41227,1.41243
EUR/USD,20090531 22:53:37.515,1.41227,1.41237
EUR/USD,20090531 22:53:37.539,1.4122,1.41237
EUR/USD,20090531 22:53:37.795,1.41211,1.41237
EUR/USD,20090531 22:53:41.012,1.41219,1.41225
EUR/USD,20090531 22:53:41.013,1.4121,1.41241
EUR/USD,20090531 22:53:41.023,1.41222,1.41241
EUR/USD,20090531 22:53:41.261,1.41222,1.41233
EUR/USD,20090531 22:53:41.273,1.41212,1.41233
EUR/USD,20090531 22:53:41.297,1.41212,1.41229
EUR/USD,20090531 22:53:42.759,1.41212,1.41224
EUR/USD,20090531 22:53:42.773,1.4121,1.41224
EUR/USD,20090531 22:53:42.792,1.41205,1.41224
EUR/USD,20090531 22:53:42.828,1.41202,1.41224
EUR/USD,20090531 22:53:45.258,1.41211,1.41215
EUR/USD,20090531 22:53:45.270,1.41212,1.41215
EUR/USD,20090531 22:53:47.012,1.41212,1.41227
EUR/USD,20090531 22:53:47.055,1.4121,1.41227
EUR/USD,20090531 22:53:47.084,1.4121,1.41225
EUR/USD,20090531 22:53:47.295,1.41202,1.41224
EUR/USD,20090531 22:53:51.758,1.41211,1.41215
EUR/USD,20090531 22:53:51.766,1.41212,1.41215
EUR/USD,20090531 22:53:58.513,1.41212,1.41223
EUR/USD,20090531 22:53:58.524,1.41205,1.41223
EUR/USD,20090531 22:53:58.797,1.41202,1.41223
EUR/USD,20090531 22:53:59.026,1.41202,1.41224
EUR/USD,20090531 22:54:00.491,1.41202,1.41223
EUR/USD,20090531 22:54:00.512,1.41211,1.41215
EUR/USD,20090531 22:54:00.514,1.41212,1.41215
EUR/USD,20090531 22:54:09.013,1.41212,1.41224
EUR/USD,20090531 22:54:09.021,1.41207,1.41224
EUR/USD,20090531 22:54:09.073,1.41207,1.41225
EUR/USD,20090531 22:54:09.294,1.41202,1.41224
EUR/USD,20090531 22:54:10.983,1.41202,1.41222
EUR/USD,20090531 22:54:11.759,1.41211,1.41215
EUR/USD,20090531 22:54:11.764,1.41212,1.41215
EUR/USD,20090531 22:54:23.259,1.41216,1.41222
EUR/USD,20090531 22:54:23.278,1.41217,1.41222
EUR/USD,20090531 22:54:23.327,1.41217,1.41225
EUR/USD,20090531 22:54:27.757,1.41217,1.4123
EUR/USD,20090531 22:54:27.758,1.41217,1.4123
EUR/USD,20090531 22:54:27.772,1.41212,1.4123
EUR/USD,20090531 22:54:27.795,1.41212,1.41224
EUR/USD,20090531 22:54:27.796,1.41212,1.41223
EUR/USD,20090531 22:54:30.762,1.41207,1.41223
EUR/USD,20090531 22:54:30.794,1.41207,1.41218
EUR/USD,20090531 22:54:30.795,1.41207,1.41216
EUR/USD,20090531 22:54:32.267,1.41202,1.41216
EUR/USD,20090531 22:54:32.794,1.41197,1.41213
EUR/USD,20090531 22:54:35.012,1.412,1.4121
EUR/USD,20090531 22:54:35.013,1.41197,1.41213
EUR/USD,20090531 22:54:35.028,1.41202,1.41213
EUR/USD,20090531 22:54:35.293,1.41202,1.41212
EUR/USD,20090531 22:54:36.265,1.41197,1.41212
EUR/USD,20090531 22:54:36.792,1.41197,1.41213
EUR/USD,20090531 22:54:44.513,1.41193,1.41213
EUR/USD,20090531 22:54:46.513,1.41201,1.4121
EUR/USD,20090531 22:55:18.258,1.41201,1.41211
EUR/USD,20090531 22:55:18.283,1.41201,1.41213
EUR/USD,20090531 22:55:18.323,1.41201,1.41215
EUR/USD,20090531 22:55:21.004,1.41201,1.41212
EUR/USD,20090531 22:55:21.017,1.41201,1.41212
EUR/USD,20090531 22:55:21.281,1.41196,1.41212
EUR/USD,20090531 22:55:21.316,1.41196,1.41212
EUR/USD,20090531 22:55:24.781,1.41196,1.4121
EUR/USD,20090531 22:55:25.020,1.41196,1.41209
EUR/USD,20090531 22:55:25.020,1.41194,1.41209
EUR/USD,20090531 22:55:25.023,1.41191,1.41209
EUR/USD,20090531 22:55:25.107,1.41191,1.41207
EUR/USD,20090531 22:55:25.577,1.41191,1.41208
EUR/USD,20090531 22:55:25.761,1.41196,1.41208
EUR/USD,20090531 22:55:25.762,1.41191,1.41208
EUR/USD,20090531 22:55:29.759,1.41201,1.41208
EUR/USD,20090531 22:55:29.760,1.41192,1.41208
EUR/USD,20090531 22:55:29.780,1.41194,1.41211
EUR/USD,20090531 22:55:29.825,1.41194,1.41212
EUR/USD,20090531 22:55:29.955,1.41194,1.41211
EUR/USD,20090531 22:55:42.236,1.41193,1.41211
EUR/USD,20090531 22:55:43.759,1.41196,1.41211
EUR/USD,20090531 22:55:43.760,1.41196,1.4121
EUR/USD,20090531 22:55:43.771,1.41196,1.41209
EUR/USD,20090531 22:55:43.838,1.41196,1.41207
EUR/USD,20090531 22:55:43.959,1.41196,1.41208
EUR/USD,20090531 22:55:46.510,1.41194,1.41208
EUR/USD,20090531 22:55:46.525,1.41194,1.41199
EUR/USD,20090531 22:55:46.780,1.41191,1.41199
EUR/USD,20090531 22:55:48.770,1.41188,1.41199
EUR/USD,20090531 22:55:48.780,1.41182,1.41194
EUR/USD,20090531 22:56:11.510,1.41187,1.41194
EUR/USD,20090531 22:56:11.528,1.41191,1.41194
EUR/USD,20090531 22:56:11.781,1.41191,1.41194
EUR/USD,20090531 22:56:16.509,1.41191,1.41197
EUR/USD,20090531 22:56:17.259,1.41191,1.41199
EUR/USD,20090531 22:56:17.271,1.41188,1.41199
EUR/USD,20090531 22:56:17.283,1.41183,1.41195
EUR/USD,20090531 22:56:22.497,1.41182,1.41194
EUR/USD,20090531 22:56:29.508,1.41186,1.41194
EUR/USD,20090531 22:56:29.509,1.41182,1.41194
EUR/USD,20090531 22:56:33.759,1.41188,1.41194
EUR/USD,20090531 22:56:33.762,1.41191,1.41194
EUR/USD,20090531 22:56:33.781,1.41191,1.41199
EUR/USD,20090531 22:56:38.222,1.41191,1.412
EUR/USD,20090531 22:56:43.012,1.41193,1.41198
EUR/USD,20090531 22:56:45.012,1.41191,1.412
EUR/USD,20090531 22:56:45.025,1.41192,1.412
EUR/USD,20090531 22:56:45.026,1.41188,1.412
EUR/USD,20090531 22:56:45.286,1.41187,1.41194
EUR/USD,20090531 22:56:52.519,1.41187,1.41195
EUR/USD,20090531 22:56:52.782,1.41189,1.41197
EUR/USD,20090531 22:56:52.792,1.41192,1.41197
EUR/USD,20090531 22:56:57.012,1.41192,1.41208
EUR/USD,20090531 22:56:57.013,1.41192,1.41201
EUR/USD,20090531 22:56:57.028,1.41197,1.41201
EUR/USD,20090531 22:56:59.509,1.41197,1.41206
EUR/USD,20090531 22:56:59.510,1.41197,1.41208
EUR/USD,20090531 22:56:59.522,1.41217,1.41217
EUR/USD,20090531 22:57:00.025,1.41204,1.41208
EUR/USD,20090531 22:57:00.033,1.41207,1.41208
EUR/USD,20090531 22:57:22.527,1.41202,1.41208
EUR/USD,20090531 22:57:23.258,1.41202,1.41214
EUR/USD,20090531 22:57:23.273,1.41197,1.41214
EUR/USD,20090531 22:57:25.761,1.41197,1.41215
EUR/USD,20090531 22:57:25.762,1.41198,1.41212
EUR/USD,20090531 22:57:25.780,1.41202,1.41212
EUR/USD,20090531 22:57:34.510,1.41202,1.41215
EUR/USD,20090531 22:57:34.522,1.41207,1.41215
EUR/USD,20090531 22:57:34.789,1.41207,1.41216
EUR/USD,20090531 22:57:44.261,1.41207,1.41218
EUR/USD,20090531 22:57:44.275,1.41202,1.41218
EUR/USD,20090531 22:57:44.283,1.41197,1.41215
EUR/USD,20090531 22:57:44.381,1.41195,1.41215
EUR/USD,20090531 22:57:44.511,1.41195,1.41205
EUR/USD,20090531 22:57:44.526,1.41195,1.41199
EUR/USD,20090531 22:57:44.784,1.4118,1.41198
EUR/USD,20090531 22:57:47.509,1.41185,1.41194
EUR/USD,20090531 22:57:47.510,1.41178,1.41198
EUR/USD,20090531 22:57:47.783,1.41187,1.41203
EUR/USD,20090531 22:57:59.714,1.41183,1.41203
EUR/USD,20090531 22:57:59.759,1.41183,1.41199
EUR/USD,20090531 22:57:59.760,1.41183,1.41196
EUR/USD,20090531 22:57:59.783,1.41182,1.41196
EUR/USD,20090531 22:58:00.261,1.4118,1.41202
EUR/USD,20090531 22:58:00.264,1.41185,1.41196
EUR/USD,20090531 22:58:22.758,1.41188,1.41199
EUR/USD,20090531 22:58:28.012,1.41192,1.412
EUR/USD,20090531 22:58:28.013,1.41183,1.412
EUR/USD,20090531 22:58:28.024,1.41191,1.412
EUR/USD,20090531 22:58:28.283,1.41191,1.41205
EUR/USD,20090531 22:58:28.510,1.41192,1.41205
EUR/USD,20090531 22:58:28.767,1.41189,1.41205
EUR/USD,20090531 22:58:28.783,1.41181,1.412
EUR/USD,20090531 22:58:29.013,1.41188,1.412
EUR/USD,20090531 22:58:34.785,1.41188,1.41202
EUR/USD,20090531 22:58:47.284,1.41188,1.412
EUR/USD,20090531 22:59:05.257,1.41186,1.412
EUR/USD,20090531 22:59:05.258,1.41181,1.412
EUR/USD,20090531 22:59:05.272,1.41181,1.41199
EUR/USD,20090531 22:59:05.285,1.41181,1.41194
EUR/USD,20090531 22:59:21.513,1.4118,1.41194
EUR/USD,20090531 22:59:21.786,1.41174,1.4119
EUR/USD,20090531 22:59:27.011,1.41186,1.4119
EUR/USD,20090531 22:59:27.012,1.41177,1.4119
EUR/USD,20090531 22:59:27.021,1.41181,1.4119
EUR/USD,20090531 22:59:27.287,1.41182,1.41194
EUR/USD,20090531 22:59:27.786,1.41181,1.41192
EUR/USD,20090531 22:59:35.257,1.41176,1.41192
EUR/USD,20090531 22:59:40.283,1.41177,1.41193
EUR/USD,20090531 22:59:50.257,1.41177,1.41192
EUR/USD,20090531 22:59:50.258,1.41177,1.41188
EUR/USD,20090531 22:59:50.289,1.41174,1.41188
EUR/USD,20090531 22:59:51.011,1.41174,1.41188
EUR/USD,20090531 22:59:51.013,1.41178,1.41188
EUR/USD,20090531 22:59:51.285,1.41178,1.41192
EUR/USD,20090531 22:59:53.288,1.41178,1.4119
EUR/USD,20090531 22:59:55.260,1.41175,1.4119
EUR/USD,20090531 22:59:55.261,1.41175,1.41189
EUR/USD,20090531 22:59:55.289,1.41175,1.41188
EUR/USD,20090531 22:59:56.012,1.41174,1.41188
EUR/USD,20090531 22:59:56.013,1.41179,1.41188
EUR/USD,20090531 22:59:56.286,1.41179,1.41189
EUR/USD,20090531 22:59:57.012,1.41174,1.4119
EUR/USD,20090531 22:59:57.025,1.41174,1.41179
EUR/USD,20090531 22:59:57.286,1.41173,1.41179
EUR/USD,20090531 22:59:58.013,1.41171,1.41179
EUR/USD,20090531 22:59:58.014,1.41178,1.41179
EUR/USD,20090531 22:59:58.031,1.41178,1.41181
EUR/USD,20090531 22:59:58.287,1.41178,1.41187
EUR/USD,20090531 22:59:58.302,1.41178,1.41189
EUR/USD,20090531 22:59:58.306,1.41178,1.41188
EUR/USD,20090531 22:59:58.454,1.41178,1.41189
EUR/USD,20090531 22:59:58.517,1.41175,1.41189
EUR/USD,20090531 22:59:58.785,1.41176,1.41189
EUR/USD,20090531 22:59:59.015,1.41176,1.41188
EUR/USD,20090531 22:59:59.289,1.41175,1.41188
EUR/USD,20090531 23:00:03.014,1.41175,1.41194
EUR/USD,20090531 23:00:03.461,1.41175,1.41193
EUR/USD,20090531 23:00:03.784,1.41175,1.41192
EUR/USD,20090531 23:00:04.267,1.41181,1.41192
EUR/USD,20090531 23:00:04.289,1.41182,1.41193
EUR/USD,20090531 23:00:04.371,1.41182,1.41196
EUR/USD,20090531 23:00:04.546,1.41182,1.41194
EUR/USD,20090531 23:00:05.014,1.41182,1.41189
EUR/USD,20090531 23:00:05.286,1.41181,1.41189
EUR/USD,20090531 23:00:05.518,1.41181,1.41192
EUR/USD,20090531 23:00:05.787,1.41182,1.41196
EUR/USD,20090531 23:00:06.017,1.41183,1.41194
EUR/USD,20090531 23:00:08.012,1.41187,1.41196
EUR/USD,20090531 23:00:08.257,1.41182,1.41196
EUR/USD,20090531 23:00:08.267,1.41182,1.41189
EUR/USD,20090531 23:00:08.524,1.41182,1.4119
EUR/USD,20090531 23:00:08.652,1.41182,1.41191
EUR/USD,20090531 23:00:08.653,1.41186,1.41191
EUR/USD,20090531 23:00:08.775,1.41182,1.41191
EUR/USD,20090531 23:00:09.014,1.41187,1.41191
EUR/USD,20090531 23:00:09.015,1.41181,1.41191
EUR/USD,20090531 23:00:09.259,1.41189,1.41191
EUR/USD,20090531 23:00:09.288,1.41189,1.41196
EUR/USD,20090531 23:00:09.289,1.41191,1.41196
EUR/USD,20090531 23:00:09.345,1.41191,1.41199
EUR/USD,20090531 23:00:09.765,1.41188,1.41199
EUR/USD,20090531 23:00:09.788,1.41187,1.41195
EUR/USD,20090531 23:00:11.290,1.41189,1.41201
EUR/USD,20090531 23:00:20.786,1.41187,1.41201
EUR/USD,20090531 23:00:21.014,1.41185,1.41201
EUR/USD,20090531 23:00:26.257,1.41178,1.41199
EUR/USD,20090531 23:00:26.258,1.41178,1.41178
EUR/USD,20090531 23:00:26.289,1.41168,1.41176
EUR/USD,20090531 23:00:26.512,1.41164,1.41176
EUR/USD,20090531 23:00:26.516,1.41164,1.4117
EUR/USD,20090531 23:00:26.792,1.41161,1.4117
EUR/USD,20090531 23:00:29.511,1.41162,1.4117
EUR/USD,20090531 23:00:34.013,1.41161,1.4117
EUR/USD,20090531 23:00:34.023,1.41161,1.41172
EUR/USD,20090531 23:00:34.289,1.41162,1.41172
EUR/USD,20090531 23:00:34.758,1.41163,1.41174
EUR/USD,20090531 23:00:34.759,1.41162,1.41174
EUR/USD,20090531 23:00:34.787,1.41165,1.41177
EUR/USD,20090531 23:00:34.976,1.41165,1.41179
EUR/USD,20090531 23:00:36.017,1.41165,1.41177
EUR/USD,20090531 23:00:36.018,1.41165,1.41169
EUR/USD,20090531 23:00:36.292,1.41161,1.41169
EUR/USD,20090531 23:00:36.765,1.4117,1.41171
EUR/USD,20090531 23:00:37.018,1.41168,1.41179
EUR/USD,20090531 23:00:37.022,1.41177,1.41179
EUR/USD,20090531 23:00:37.302,1.41177,1.41184
EUR/USD,20090531 23:00:38.014,1.41176,1.41195
EUR/USD,20090531 23:00:38.015,1.41185,1.41195
EUR/USD,20090531 23:00:38.261,1.41175,1.41195
EUR/USD,20090531 23:00:38.262,1.41175,1.41189
EUR/USD,20090531 23:00:40.762,1.41175,1.41179
EUR/USD,20090531 23:00:40.797,1.41166,1.41178
EUR/USD,20090531 23:00:40.819,1.41165,1.41178
EUR/USD,20090531 23:00:44.512,1.41167,1.41178
EUR/USD,20090531 23:00:44.513,1.41167,1.41177
EUR/USD,20090531 23:00:44.516,1.41171,1.41177
EUR/USD,20090531 23:00:46.276,1.41169,1.41177
EUR/USD,20090531 23:00:46.790,1.41165,1.41177
EUR/USD,20090531 23:00:47.790,1.41165,1.41177
EUR/USD,20090531 23:00:49.765,1.41164,1.41179
EUR/USD,20090531 23:00:49.780,1.41159,1.4116
EUR/USD,20090531 23:00:49.835,1.41158,1.4116
EUR/USD,20090531 23:00:50.018,1.41154,1.4116
EUR/USD,20090531 23:00:50.034,1.41154,1.41159
EUR/USD,20090531 23:00:50.289,1.41151,1.41159
EUR/USD,20090531 23:00:52.288,1.41167,1.41168
EUR/USD,20090531 23:00:52.353,1.41167,1.41189
EUR/USD,20090531 23:00:52.542,1.41167,1.41185
EUR/USD,20090531 23:00:52.789,1.41154,1.41185
EUR/USD,20090531 23:00:53.059,1.41154,1.41186
EUR/USD,20090531 23:00:54.265,1.41154,1.41172
EUR/USD,20090531 23:00:54.267,1.41154,1.41163
EUR/USD,20090531 23:00:54.268,1.41131,1.41145
EUR/USD,20090531 23:00:54.293,1.41149,1.41187
EUR/USD,20090531 23:00:54.330,1.41149,1.4116
EUR/USD,20090531 23:00:54.791,1.41131,1.41147
EUR/USD,20090531 23:00:58.513,1.41133,1.41145
EUR/USD,20090531 23:00:58.518,1.41129,1.41147
EUR/USD,20090531 23:00:58.555,1.41133,1.41147
EUR/USD,20090531 23:00:58.789,1.41133,1.41146
EUR/USD,20090531 23:00:58.962,1.41132,1.41146
EUR/USD,20090531 23:00:59.760,1.41141,1.41146
EUR/USD,20090531 23:00:59.761,1.41132,1.41146
EUR/USD,20090531 23:00:59.791,1.41154,1.41154
EUR/USD,20090531 23:00:59.818,1.41154,1.41164
EUR/USD,20090531 23:01:00.294,1.41171,1.41201
EUR/USD,20090531 23:01:00.496,1.41171,1.41203
EUR/USD,20090531 23:01:00.812,1.41171,1.41202
EUR/USD,20090531 23:01:02.258,1.41171,1.41174
EUR/USD,20090531 23:01:02.260,1.41171,1.41183
EUR/USD,20090531 23:01:02.293,1.41168,1.41183
EUR/USD,20090531 23:01:03.305,1.4118,1.41183
EUR/USD,20090531 23:01:04.016,1.41171,1.41174
EUR/USD,20090531 23:01:04.079,1.41143,1.41158
EUR/USD,20090531 23:01:04.261,1.41142,1.41158
EUR/USD,20090531 23:01:04.262,1.41142,1.41157
EUR/USD,20090531 23:01:04.273,1.41137,1.41157
EUR/USD,20090531 23:01:04.291,1.41137,1.41147
EUR/USD,20090531 23:01:04.517,1.41143,1.41147
EUR/USD,20090531 23:01:04.792,1.41148,1.41148
EUR/USD,20090531 23:01:05.020,1.4116,1.41183
EUR/USD,20090531 23:01:06.259,1.4116,1.41166
EUR/USD,20090531 23:01:07.024,1.41172,1.41184
EUR/USD,20090531 23:01:07.763,1.41172,1.41179
EUR/USD,20090531 23:01:07.769,1.41172,1.41184
EUR/USD,20090531 23:01:07.781,1.41157,1.41184
EUR/USD,20090531 23:01:07.790,1.41152,1.4116
EUR/USD,20090531 23:01:11.024,1.41148,1.4116
EUR/USD,20090531 23:01:11.290,1.41147,1.41156
EUR/USD,20090531 23:01:22.788,1.41147,1.41154
EUR/USD,20090531 23:01:25.011,1.41147,1.41153
EUR/USD,20090531 23:01:25.012,1.41147,1.41154
EUR/USD,20090531 23:01:25.292,1.41147,1.41157
EUR/USD,20090531 23:01:25.789,1.41147,1.41157
EUR/USD,20090531 23:01:26.292,1.41147,1.41156
EUR/USD,20090531 23:01:32.259,1.41155,1.41156
EUR/USD,20090531 23:01:32.270,1.41162,1.4121
EUR/USD,20090531 23:01:32.306,1.41162,1.41172
EUR/USD,20090531 23:01:32.758,1.41162,1.41169
EUR/USD,20090531 23:01:32.759,1.41162,1.41172
EUR/USD,20090531 23:01:32.770,1.41167,1.41172
EUR/USD,20090531 23:01:32.821,1.41167,1.41176
EUR/USD,20090531 23:01:36.273,1.41158,1.41176
EUR/USD,20090531 23:01:36.319,1.41158,1.41162
EUR/USD,20090531 23:01:36.520,1.41161,1.41162
EUR/USD,20090531 23:01:36.534,1.41167,1.41175
EUR/USD,20090531 23:01:38.510,1.41167,1.41177
EUR/USD,20090531 23:01:38.529,1.41158,1.41175
EUR/USD,20090531 23:01:38.579,1.41158,1.41166
EUR/USD,20090531 23:01:38.794,1.41157,1.41166
EUR/USD,20090531 23:01:39.283,1.41152,1.41166
EUR/USD,20090531 23:01:39.797,1.41152,1.41165
EUR/USD,20090531 23:01:40.796,1.41152,1.41166
EUR/USD,20090531 23:01:40.810,1.41152,1.41167
EUR/USD,20090531 23:01:41.319,1.41152,1.41168
EUR/USD,20090531 23:01:41.511,1.41152,1.41163
EUR/USD,20090531 23:01:41.520,1.41157,1.41163
EUR/USD,20090531 23:01:42.014,1.41157,1.41166
EUR/USD,20090531 23:01:42.040,1.41152,1.41166
EUR/USD,20090531 23:01:42.340,1.41152,1.41165
EUR/USD,20090531 23:01:42.492,1.41152,1.41166
EUR/USD,20090531 23:01:42.974,1.41152,1.41166
EUR/USD,20090531 23:01:43.300,1.41152,1.41165
EUR/USD,20090531 23:01:45.564,1.41152,1.41166
EUR/USD,20090531 23:01:48.349,1.41152,1.41166
EUR/USD,20090531 23:01:50.757,1.41155,1.41162
EUR/USD,20090531 23:01:50.758,1.41152,1.41167
EUR/USD,20090531 23:01:50.789,1.41157,1.41167
EUR/USD,20090531 23:01:50.790,1.41162,1.41167
EUR/USD,20090531 23:01:50.829,1.41162,1.41178
EUR/USD,20090531 23:01:51.015,1.41165,1.41169
EUR/USD,20090531 23:01:51.032,1.41172,1.41183
EUR/USD,20090531 23:01:51.518,1.41172,1.41179
EUR/USD,20090531 23:01:51.523,1.41177,1.41179
EUR/USD,20090531 23:01:51.776,1.41172,1.41179
EUR/USD,20090531 23:01:52.077,1.41172,1.41188
EUR/USD,20090531 23:01:53.291,1.41172,1.41183
EUR/USD,20090531 23:01:54.776,1.41157,1.41183
EUR/USD,20090531 23:01:54.793,1.41157,1.41169
EUR/USD,20090531 23:01:55.295,1.41158,1.4117
EUR/USD,20090531 23:01:55.765,1.41162,1.4117
EUR/USD,20090531 23:01:57.017,1.41162,1.41177
EUR/USD,20090531 23:01:57.018,1.41162,1.4117
EUR/USD,20090531 23:01:57.028,1.41158,1.4117
EUR/USD,20090531 23:01:57.294,1.41157,1.41169
EUR/USD,20090531 23:02:12.652,1.41157,1.41168
EUR/USD,20090531 23:02:13.789,1.41157,1.4117
EUR/USD,20090531 23:02:16.257,1.41157,1.41168
EUR/USD,20090531 23:02:16.260,1.41162,1.41168
EUR/USD,20090531 23:02:17.015,1.41162,1.4117
EUR/USD,20090531 23:02:17.035,1.41172,1.41172
EUR/USD,20090531 23:02:17.292,1.41172,1.41177
EUR/USD,20090531 23:02:17.520,1.41169,1.41177
EUR/USD,20090531 23:02:17.791,1.41167,1.41177
EUR/USD,20090531 23:02:20.257,1.41167,1.41178
EUR/USD,20090531 23:02:20.263,1.41162,1.41178
EUR/USD,20090531 23:02:20.264,1.41162,1.4117
EUR/USD,20090531 23:02:20.526,1.41162,1.41171
EUR/USD,20090531 23:02:20.793,1.41162,1.41171
EUR/USD,20090531 23:02:21.510,1.41168,1.41173
EUR/USD,20090531 23:02:21.563,1.41172,1.41173
EUR/USD,20090531 23:02:22.261,1.41172,1.41178
EUR/USD,20090531 23:02:22.262,1.41172,1.4118
EUR/USD,20090531 23:02:22.273,1.4117,1.41181
EUR/USD,20090531 23:02:22.293,1.41167,1.41178
EUR/USD,20090531 23:02:24.790,1.41167,1.41178
EUR/USD,20090531 23:02:28.992,1.41167,1.4118
EUR/USD,20090531 23:02:29.026,1.41177,1.4118
EUR/USD,20090531 23:02:29.292,1.41177,1.41186
EUR/USD,20090531 23:02:48.257,1.41177,1.41184
EUR/USD,20090531 23:02:48.262,1.41182,1.41184
EUR/USD,20090531 23:02:48.514,1.41177,1.41184
EUR/USD,20090531 23:02:49.006,1.41177,1.41191
EUR/USD,20090531 23:02:54.485,1.41177,1.41189
EUR/USD,20090531 23:02:55.013,1.41177,1.4119
EUR/USD,20090531 23:02:55.014,1.41177,1.41189
EUR/USD,20090531 23:02:55.030,1.41172,1.41189
EUR/USD,20090531 23:02:55.049,1.41172,1.41185
EUR/USD,20090531 23:02:57.312,1.41172,1.41184
EUR/USD,20090531 23:02:57.496,1.41172,1.41183
EUR/USD,20090531 23:03:00.550,1.41172,1.41184
EUR/USD,20090531 23:03:11.272,1.41177,1.41184
EUR/USD,20090531 23:03:11.327,1.41177,1.41185
EUR/USD,20090531 23:03:12.031,1.41172,1.41185
EUR/USD,20090531 23:03:12.101,1.41172,1.41184
EUR/USD,20090531 23:03:12.463,1.41172,1.41182
EUR/USD,20090531 23:03:16.020,1.41177,1.41182
EUR/USD,20090531 23:03:16.052,1.41177,1.41183
EUR/USD,20090531 23:03:16.748,1.41177,1.41184
EUR/USD,20090531 23:03:16.984,1.41177,1.41183
EUR/USD,20090531 23:03:19.842,1.41177,1.41182
EUR/USD,20090531 23:03:20.749,1.41177,1.41183
EUR/USD,20090531 23:03:22.017,1.41177,1.41182
EUR/USD,20090531 23:03:22.018,1.41177,1.41183
EUR/USD,20090531 23:03:22.032,1.41172,1.41183
EUR/USD,20090531 23:03:24.258,1.41172,1.41182
EUR/USD,20090531 23:03:24.267,1.41167,1.41182
EUR/USD,20090531 23:03:24.352,1.41167,1.41177
EUR/USD,20090531 23:03:32.920,1.41167,1.4118
EUR/USD,20090531 23:03:33.026,1.41172,1.4118
EUR/USD,20090531 23:03:33.294,1.41172,1.41181
EUR/USD,20090531 23:03:33.313,1.41172,1.41185
EUR/USD,20090531 23:03:35.016,1.41172,1.41181
EUR/USD,20090531 23:03:35.021,1.41167,1.41181
EUR/USD,20090531 23:03:35.057,1.41167,1.41177
EUR/USD,20090531 23:03:35.405,1.41167,1.41178
EUR/USD,20090531 23:03:36.806,1.41167,1.41177
EUR/USD,20090531 23:03:37.004,1.41167,1.41179
EUR/USD,20090531 23:03:37.105,1.41167,1.41178
EUR/USD,20090531 23:03:40.796,1.41167,1.41179
EUR/USD,20090531 23:03:45.401,1.41167,1.41178
EUR/USD,20090531 23:03:48.944,1.41167,1.41177
EUR/USD,20090531 23:03:54.380,1.41167,1.41178
EUR/USD,20090531 23:04:25.024,1.41172,1.41178
EUR/USD,20090531 23:04:25.292,1.41172,1.4118
EUR/USD,20090531 23:04:25.525,1.41163,1.4118
EUR/USD,20090531 23:04:25.794,1.41159,1.4117
EUR/USD,20090531 23:04:26.012,1.41165,1.4117
EUR/USD,20090531 23:04:26.013,1.41159,1.4117
EUR/USD,20090531 23:04:26.294,1.41159,1.41179
EUR/USD,20090531 23:04:30.293,1.41159,1.41172
EUR/USD,20090531 23:04:34.795,1.41159,1.41169
EUR/USD,20090531 23:04:35.014,1.41159,1.41165
EUR/USD,20090531 23:04:35.015,1.41159,1.41169
EUR/USD,20090531 23:04:35.296,1.41159,1.41171
EUR/USD,20090531 23:04:44.758,1.41159,1.4116
EUR/USD,20090531 23:04:54.764,1.41159,1.41177
EUR/USD,20090531 23:04:54.765,1.41159,1.41169
EUR/USD,20090531 23:04:54.766,1.41159,1.41168
EUR/USD,20090531 23:04:55.015,1.41159,1.41169
EUR/USD,20090531 23:04:55.016,1.41159,1.41171
EUR/USD,20090531 23:04:55.283,1.41159,1.41176
EUR/USD,20090531 23:05:04.757,1.41159,1.41167
EUR/USD,20090531 23:05:11.014,1.41159,1.4118
EUR/USD,20090531 23:05:11.017,1.41168,1.41179
EUR/USD,20090531 23:05:11.018,1.41168,1.4118
EUR/USD,20090531 23:05:11.053,1.41182,1.41193
EUR/USD,20090531 23:05:11.264,1.41182,1.4119
EUR/USD,20090531 23:05:11.265,1.41182,1.41193
EUR/USD,20090531 23:05:11.282,1.41172,1.41193
EUR/USD,20090531 23:05:11.297,1.41172,1.41188
EUR/USD,20090531 23:05:11.771,1.41177,1.41188
EUR/USD,20090531 23:05:11.831,1.41177,1.41194
EUR/USD,20090531 23:05:11.834,1.41177,1.41184
EUR/USD,20090531 23:05:14.014,1.41177,1.41195
EUR/USD,20090531 23:05:14.025,1.41182,1.41195
EUR/USD,20090531 23:05:14.287,1.41182,1.41191
EUR/USD,20090531 23:05:14.787,1.41182,1.41195
EUR/USD,20090531 23:05:15.282,1.41182,1.41197
EUR/USD,20090531 23:05:19.782,1.41182,1.41195
EUR/USD,20090531 23:05:22.258,1.41187,1.41193
EUR/USD,20090531 23:05:25.759,1.41184,1.41201
EUR/USD,20090531 23:05:25.760,1.41184,1.4121
EUR/USD,20090531 23:05:25.781,1.41182,1.41197
EUR/USD,20090531 23:05:29.830,1.41182,1.41193
EUR/USD,20090531 23:05:30.292,1.41182,1.41197
EUR/USD,20090531 23:05:36.286,1.41182,1.41193
EUR/USD,20090531 23:05:36.823,1.41182,1.41196
EUR/USD,20090531 23:05:48.284,1.41182,1.41199
EUR/USD,20090531 23:05:57.757,1.41183,1.41194
EUR/USD,20090531 23:05:57.758,1.41182,1.41199
EUR/USD,20090531 23:05:57.773,1.41181,1.41199
EUR/USD,20090531 23:05:57.780,1.41183,1.41199
EUR/USD,20090531 23:05:58.787,1.41185,1.41199
EUR/USD,20090531 23:06:00.776,1.41185,1.41201
EUR/USD,20090531 23:06:00.783,1.4119,1.41206
EUR/USD,20090531 23:06:01.012,1.41202,1.41207
EUR/USD,20090531 23:06:01.013,1.41202,1.41213
EUR/USD,20090531 23:06:01.291,1.41203,1.41216
EUR/USD,20090531 23:06:02.284,1.41199,1.41216
EUR/USD,20090531 23:06:04.758,1.41197,1.41217
EUR/USD,20090531 23:06:04.759,1.41197,1.41213
EUR/USD,20090531 23:06:04.775,1.41197,1.41209
EUR/USD,20090531 23:06:04.784,1.41199,1.41209
EUR/USD,20090531 23:06:05.284,1.41195,1.41209
EUR/USD,20090531 23:06:06.278,1.41195,1.41207
EUR/USD,20090531 23:06:08.782,1.41195,1.41209
EUR/USD,20090531 23:06:14.278,1.41195,1.41207
EUR/USD,20090531 23:06:33.282,1.41195,1.41209
EUR/USD,20090531 23:06:35.763,1.41194,1.41209
EUR/USD,20090531 23:06:36.334,1.41192,1.41209
EUR/USD,20090531 23:06:41.757,1.41192,1.41204
EUR/USD,20090531 23:06:41.758,1.41192,1.41199
EUR/USD,20090531 23:06:41.764,1.4119,1.41199
EUR/USD,20090531 23:06:41.782,1.41187,1.41198
EUR/USD,20090531 23:06:43.534,1.41212,1.4122
EUR/USD,20090531 23:06:43.764,1.41212,1.4123
EUR/USD,20090531 23:06:48.015,1.41212,1.41234
EUR/USD,20090531 23:06:48.035,1.4121,1.41234
EUR/USD,20090531 23:06:48.283,1.41192,1.41202
EUR/USD,20090531 23:06:48.792,1.41203,1.41223
EUR/USD,20090531 23:06:50.284,1.41197,1.41223
EUR/USD,20090531 23:06:51.790,1.41203,1.41223
EUR/USD,20090531 23:06:52.760,1.41205,1.41214
EUR/USD,20090531 23:06:52.762,1.41203,1.41223
EUR/USD,20090531 23:06:52.769,1.41212,1.41223
EUR/USD,20090531 23:06:53.015,1.41212,1.41219
EUR/USD,20090531 23:06:53.016,1.41212,1.41228
EUR/USD,20090531 23:06:53.030,1.41207,1.41228
EUR/USD,20090531 23:06:53.323,1.41207,1.41219
EUR/USD,20090531 23:06:57.517,1.41212,1.41219
EUR/USD,20090531 23:06:57.758,1.41213,1.41219
EUR/USD,20090531 23:06:57.767,1.41217,1.41219
EUR/USD,20090531 23:06:57.784,1.41217,1.41219
EUR/USD,20090531 23:06:58.013,1.41217,1.41227
EUR/USD,20090531 23:06:58.014,1.41217,1.41229
EUR/USD,20090531 23:06:58.017,1.4121,1.41229
EUR/USD,20090531 23:06:58.020,1.4121,1.41225
EUR/USD,20090531 23:06:58.285,1.41207,1.41217
EUR/USD,20090531 23:07:00.269,1.41202,1.41217
EUR/USD,20090531 23:07:00.281,1.41202,1.41219
EUR/USD,20090531 23:07:00.513,1.4122,1.41222
EUR/USD,20090531 23:07:00.525,1.41232,1.4126
EUR/USD,20090531 23:07:00.794,1.41232,1.41248
EUR/USD,20090531 23:07:02.281,1.41232,1.41246
EUR/USD,20090531 23:07:03.758,1.41232,1.41243
EUR/USD,20090531 23:07:03.759,1.41232,1.4124
EUR/USD,20090531 23:07:03.771,1.41227,1.4124
EUR/USD,20090531 23:07:03.773,1.41227,1.41228
EUR/USD,20090531 23:07:04.282,1.4122,1.41227
EUR/USD,20090531 23:07:04.516,1.41228,1.41228
EUR/USD,20090531 23:07:04.543,1.41228,1.41229
EUR/USD,20090531 23:07:04.544,1.41232,1.4126
EUR/USD,20090531 23:07:04.830,1.41232,1.41243
EUR/USD,20090531 23:07:05.792,1.41232,1.41249
EUR/USD,20090531 23:07:07.261,1.41233,1.41242
EUR/USD,20090531 23:07:07.262,1.41232,1.41249
EUR/USD,20090531 23:07:07.281,1.41237,1.41249
EUR/USD,20090531 23:07:07.789,1.41237,1.41247
EUR/USD,20090531 23:07:08.518,1.41232,1.41247
EUR/USD,20090531 23:07:08.782,1.41232,1.41247
EUR/USD,20090531 23:07:11.257,1.41232,1.41243
EUR/USD,20090531 23:07:11.258,1.41232,1.41248
EUR/USD,20090531 23:07:11.275,1.4123,1.41245
EUR/USD,20090531 23:07:11.284,1.41227,1.4124
EUR/USD,20090531 23:07:18.509,1.41236,1.41239
EUR/USD,20090531 23:07:18.510,1.41227,1.4124
EUR/USD,20090531 23:07:18.519,1.41242,1.41248
EUR/USD,20090531 23:07:21.014,1.41242,1.41259
EUR/USD,20090531 23:07:21.015,1.41242,1.4125
EUR/USD,20090531 23:07:21.031,1.41247,1.4125
EUR/USD,20090531 23:07:21.259,1.41247,1.41263
EUR/USD,20090531 23:07:21.260,1.41247,1.41259
EUR/USD,20090531 23:07:21.269,1.41237,1.41259
EUR/USD,20090531 23:07:21.270,1.41237,1.41255
EUR/USD,20090531 23:07:21.282,1.41238,1.41255
EUR/USD,20090531 23:07:21.782,1.41237,1.41246
EUR/USD,20090531 23:07:26.041,1.41242,1.41246
EUR/USD,20090531 23:07:26.285,1.41242,1.41247
EUR/USD,20090531 23:07:29.531,1.41238,1.41247
EUR/USD,20090531 23:07:29.786,1.41237,1.41247
EUR/USD,20090531 23:07:33.783,1.41237,1.41246
EUR/USD,20090531 23:07:34.758,1.41245,1.41246
EUR/USD,20090531 23:07:34.769,1.41252,1.413
EUR/USD,20090531 23:07:34.787,1.41252,1.41264
EUR/USD,20090531 23:07:35.289,1.41252,1.41269
EUR/USD,20090531 23:07:35.762,1.41252,1.41268
EUR/USD,20090531 23:07:35.763,1.41252,1.41259
EUR/USD,20090531 23:07:41.515,1.41252,1.4127
EUR/USD,20090531 23:07:41.516,1.41252,1.41264
EUR/USD,20090531 23:07:42.767,1.41247,1.41264
EUR/USD,20090531 23:07:43.280,1.41252,1.41264
EUR/USD,20090531 23:07:45.262,1.41252,1.41268
EUR/USD,20090531 23:07:45.265,1.41252,1.41259
EUR/USD,20090531 23:07:45.271,1.41257,1.41259
EUR/USD,20090531 23:07:45.528,1.41262,1.41274
EUR/USD,20090531 23:07:46.010,1.41262,1.41266
EUR/USD,20090531 23:07:46.011,1.41262,1.41274
EUR/USD,20090531 23:07:46.278,1.41257,1.41274
EUR/USD,20090531 23:07:46.550,1.41262,1.41274
EUR/USD,20090531 23:07:47.269,1.41257,1.41274
EUR/USD,20090531 23:07:47.325,1.41257,1.41275
EUR/USD,20090531 23:07:50.014,1.41257,1.41269
EUR/USD,20090531 23:07:50.035,1.41262,1.41269
EUR/USD,20090531 23:07:53.512,1.41262,1.41271
EUR/USD,20090531 23:07:53.513,1.41262,1.41274
EUR/USD,20090531 23:07:53.530,1.41257,1.41274
EUR/USD,20090531 23:07:53.826,1.41257,1.41272
EUR/USD,20090531 23:07:54.258,1.41257,1.41267
EUR/USD,20090531 23:07:54.259,1.41257,1.41272
EUR/USD,20090531 23:07:54.297,1.41257,1.41268
EUR/USD,20090531 23:07:55.012,1.41257,1.41264
EUR/USD,20090531 23:07:55.020,1.41262,1.41264
EUR/USD,20090531 23:08:02.258,1.41262,1.41269
EUR/USD,20090531 23:08:03.014,1.41262,1.41274
EUR/USD,20090531 23:08:04.840,1.41257,1.41274
EUR/USD,20090531 23:08:06.509,1.41255,1.41275
EUR/USD,20090531 23:08:06.523,1.41261,1.41275
EUR/USD,20090531 23:08:06.784,1.41262,1.41278
EUR/USD,20090531 23:08:10.258,1.41262,1.41275
EUR/USD,20090531 23:08:10.291,1.41259,1.41275
EUR/USD,20090531 23:08:15.641,1.41259,1.41274
EUR/USD,20090531 23:08:18.474,1.41259,1.41268
EUR/USD,20090531 23:08:18.784,1.41255,1.41268
EUR/USD,20090531 23:08:27.304,1.41255,1.41266
EUR/USD,20090531 23:08:28.258,1.41258,1.41266
